timestamp,symbol,exchange,bid,ask
1758875263,BTC/USDT,okx,109366.7,109367.0
1758875263,BTC/USDT,binance,109366.23,109366.24
1758875263,BTC/USDT,bybit,108790.56,108790.59
1758875279,ETH/USDT,okx,3928.4,3928.41
1758875279,ETH/USDT,binance,3927.95,3927.9599999999996
1758875279,ETH/USDT,bybit,4727.961015792654,4739.773584704913
1758875280,SOL/USDT,okx,195.91999999999996,195.96999999999997
1758875280,SOL/USDT,binance,195.98,195.99
1758875280,SOL/USDT,bybit,223.23,228.63599670708217
1758875284,BTC/USDT,okx,109411.6,109414.3
1758875284,BTC/USDT,binance,109403.99,109404.0
1758875284,BTC/USDT,bybit,108790.56,108790.59
1758875301,ETH/USDT,okx,3956.1,3956.3736795682344
1758875301,ETH/USDT,binance,3929.97,3929.98
1758875301,ETH/USDT,bybit,4727.961015792654,4739.773584704913
1758875302,SOL/USDT,okx,196.16999999999996,196.21052507222842
1758875302,SOL/USDT,binance,196.16999999999996,196.18
1758875302,SOL/USDT,bybit,223.23,228.63599670708217
1758875306,BTC/USDT,okx,109454.0,109454.5
1758875306,BTC/USDT,binance,109458.02,109458.03
1758875306,BTC/USDT,bybit,108790.56,108790.59
1758875323,ETH/USDT,okx,3936.66,3938.0900000000006
1758875323,ETH/USDT,binance,3931.17,3931.18
1758875323,ETH/USDT,bybit,4727.961015792654,4739.773584704913
1758875324,SOL/USDT,okx,196.16,196.16999999999996
1758875324,SOL/USDT,binance,196.16,196.16999999999996
1758875324,SOL/USDT,bybit,223.23,228.63599670708217
1758875328,BTC/USDT,okx,109454.0,109454.5
1758875328,BTC/USDT,binance,109458.02,109458.03
1758875328,BTC/USDT,bybit,108790.56,108790.59
1758875344,ETH/USDT,okx,3932.34,3932.35
1758875344,ETH/USDT,binance,3931.92,3931.93
1758875344,ETH/USDT,bybit,4727.961015792654,4739.773584704913
1758875346,SOL/USDT,okx,196.19,196.2299084452524
1758875346,SOL/USDT,binance,196.22,196.23
1758875346,SOL/USDT,bybit,223.23,228.63599670708217
1758875350,BTC/USDT,okx,109481.4,109481.8
1758875350,BTC/USDT,binance,109448.24,109448.25
1758875350,BTC/USDT,bybit,108790.56,108790.59
1758875366,ETH/USDT,okx,3938.7200000000003,3938.73
1758875366,ETH/USDT,binance,3937.22,3937.23
1758875366,ETH/USDT,bybit,4727.961015792654,4739.773584704913
1758875368,SOL/USDT,okx,196.45,196.46
1758875368,SOL/USDT,binance,196.48,196.48999999999998
1758875368,SOL/USDT,bybit,223.23,228.63599670708217
1758875372,BTC/USDT,okx,109522.3,109522.4
1758875372,BTC/USDT,binance,109515.76,109515.77
1758875372,BTC/USDT,bybit,108790.56,108790.59
1758875387,ETH/USDT,okx,3938.0575319288355,3939.031485389541
1758875387,ETH/USDT,binance,3938.18,3938.19
1758875387,ETH/USDT,bybit,4727.961015792654,4739.773584704913
1758875388,SOL/USDT,okx,196.45,196.48
1758875388,SOL/USDT,binance,196.5,196.51
1758875388,SOL/USDT,bybit,223.23,228.63599670708217
1758875392,BTC/USDT,okx,109529.0,109529.1
1758875392,BTC/USDT,binance,109515.76,109515.77
1758875392,BTC/USDT,bybit,108790.56,108790.59
1758875408,ETH/USDT,okx,3937.49,3937.5
1758875408,ETH/USDT,binance,3936.1,3936.1100000000006
1758875408,ETH/USDT,bybit,4727.961015792654,4739.773584704913
1758875409,SOL/USDT,okx,196.33,196.37
1758875409,SOL/USDT,binance,196.43999999999997,196.45
1758875409,SOL/USDT,bybit,223.23,228.63599670708217
1758875413,BTC/USDT,okx,109541.0,109541.3
1758875413,BTC/USDT,binance,109515.75,109515.76
1758875413,BTC/USDT,bybit,108790.56,108790.59560485995
1758875428,ETH/USDT,okx,3940.3,3940.31
1758875428,ETH/USDT,binance,3939.3400000000006,3939.3500000000004
1758875428,ETH/USDT,bybit,4727.961015792654,4739.773584704913
1758875429,SOL/USDT,okx,196.51,196.53
1758875429,SOL/USDT,binance,196.57000000000002,196.58
1758875429,SOL/USDT,bybit,223.23,228.63599670708217
1758875434,BTC/USDT,okx,109541.2,109541.3
1758875434,BTC/USDT,binance,109532.09,109532.1
1758875434,BTC/USDT,bybit,108790.56,108790.6
1758875450,ETH/USDT,okx,3940.2299999999996,3940.8100000000004
1758875450,ETH/USDT,binance,3939.2642544053947,3939.3500000000004
1758875450,ETH/USDT,bybit,4727.961015792654,4739.773584704913
1758875451,SOL/USDT,okx,196.46,196.46999999999997
1758875451,SOL/USDT,binance,196.56,196.57000000000002
1758875451,SOL/USDT,bybit,223.23,228.63599670708217
1758875455,BTC/USDT,okx,109536.7,109537.2
1758875455,BTC/USDT,binance,109534.97,109534.98
1758875455,BTC/USDT,bybit,108790.56,108790.6
1758875472,ETH/USDT,okx,3940.19,3940.2
1758875472,ETH/USDT,binance,3939.78,3939.7899999999995
1758875472,ETH/USDT,bybit,4727.961015792654,4739.773584704913
1758875473,SOL/USDT,okx,196.38009449810147,196.42990547792948
1758875473,SOL/USDT,binance,196.4,196.41
1758875473,SOL/USDT,bybit,223.23,228.63599670708217
1758875477,BTC/USDT,okx,109537.7,109539.82780335711
1758875477,BTC/USDT,binance,109534.97,109534.98
1758875477,BTC/USDT,bybit,108790.56,108790.6
1758875493,ETH/USDT,okx,3943.09,3943.1931081080584
1758875493,ETH/USDT,binance,3942.8599999999997,3942.87
1758875493,ETH/USDT,bybit,4727.961015792654,4739.773584704913
1758875494,SOL/USDT,okx,196.52000000000004,196.53
1758875494,SOL/USDT,binance,196.5,196.51
1758875494,SOL/USDT,bybit,223.23,228.63599670708217
1758875499,BTC/USDT,okx,109544.15651669084,109545.6734398291
1758875499,BTC/USDT,binance,109549.89,109549.9
1758875499,BTC/USDT,bybit,108790.56,108790.6
1758875515,ETH/USDT,okx,3943.6799999999994,3943.8582582981935
1758875515,ETH/USDT,binance,3941.9099999999994,3941.92
1758875515,ETH/USDT,bybit,4727.961015792654,4739.773584704913
1758875516,SOL/USDT,okx,196.43999999999997,196.46999999999997
1758875516,SOL/USDT,binance,196.48,196.48999999999998
1758875516,SOL/USDT,bybit,223.23,228.63599670708217
1758875520,BTC/USDT,okx,109541.7,109541.8
1758875520,BTC/USDT,binance,109549.8,109549.81
1758875520,BTC/USDT,bybit,108790.56,108790.6
1758875536,ETH/USDT,okx,3941.8700000000003,3941.88
1758875536,ETH/USDT,binance,3941.99,3942.0
1758875536,ETH/USDT,bybit,4727.961015792654,4739.773584704913
1758875537,SOL/USDT,okx,196.46,196.46999999999997
1758875537,SOL/USDT,binance,196.46999999999997,196.48
1758875537,SOL/USDT,bybit,223.23,227.04131049178216
1758875541,BTC/USDT,okx,109559.8,109565.9942534763
1758875541,BTC/USDT,binance,109569.99,109570.0
1758875541,BTC/USDT,bybit,108790.56,108790.6
1758875557,ETH/USDT,okx,3978.21,3978.23
1758875557,ETH/USDT,binance,3940.99,3941.0000000000005
1758875557,ETH/USDT,bybit,4727.961015792654,4739.773584704913
1758875558,SOL/USDT,okx,196.42000000000002,196.43999999999997
1758875558,SOL/USDT,binance,196.43999999999997,196.45
1758875558,SOL/USDT,bybit,223.23,227.04131049178216
1758875562,BTC/USDT,okx,109568.9,109569.96131840328
1758875562,BTC/USDT,binance,109569.99,109570.0
1758875562,BTC/USDT,bybit,108790.56,108790.6
1758875579,ETH/USDT,okx,3967.93,3968.2765821212993
1758875579,ETH/USDT,binance,3941.92,3941.93
1758875579,ETH/USDT,bybit,4727.961015792654,4739.773584704913
1758875580,SOL/USDT,okx,196.43,196.43999999999997
1758875580,SOL/USDT,binance,196.43999999999997,196.45
1758875580,SOL/USDT,bybit,223.23,227.04131049178216
1758875584,BTC/USDT,okx,109579.4,109579.5
1758875584,BTC/USDT,binance,109566.68,109566.69
1758875584,BTC/USDT,bybit,108790.56,108790.6
1758875600,ETH/USDT,okx,3952.12,3952.14
1758875600,ETH/USDT,binance,3939.99,3940.0
1758875600,ETH/USDT,bybit,4727.961015792654,4739.773584704913
1758875601,SOL/USDT,okx,196.33,196.39
1758875601,SOL/USDT,binance,196.34,196.35
1758875601,SOL/USDT,bybit,223.23,227.04131049178216
1758875605,BTC/USDT,okx,109508.9,109510.9
1758875605,BTC/USDT,binance,109548.82,109548.83
1758875605,BTC/USDT,bybit,108790.56,108790.6
1758875621,ETH/USDT,okx,3947.76,3947.77
1758875621,ETH/USDT,binance,3937.5,3937.51
1758875621,ETH/USDT,bybit,4727.961015792654,4739.773584704913
1758875622,SOL/USDT,okx,196.25,196.3
1758875622,SOL/USDT,binance,196.21,196.22
1758875622,SOL/USDT,bybit,223.23,227.04131049178216
1758875626,BTC/USDT,okx,109502.6,109507.0
1758875626,BTC/USDT,binance,109501.27,109501.28
1758875626,BTC/USDT,bybit,108790.56,108790.6
1758875641,ETH/USDT,okx,3939.12,3946.66
1758875641,ETH/USDT,binance,3938.19,3938.2
1758875641,ETH/USDT,bybit,4727.961015792654,4739.773584704913
1758875643,SOL/USDT,okx,196.27000000000004,196.3
1758875643,SOL/USDT,binance,196.29,196.3
1758875643,SOL/USDT,bybit,223.23,227.04131049178216
1758875647,BTC/USDT,okx,109499.1,109499.5
1758875647,BTC/USDT,binance,109500.59,109500.6
1758875647,BTC/USDT,bybit,108790.56,108790.6
1758875662,ETH/USDT,okx,3940.77,3943.022406069079
1758875662,ETH/USDT,binance,3935.44,3935.45
1758875662,ETH/USDT,bybit,4727.961015792654,4739.773584704913
1758875663,SOL/USDT,okx,196.11,196.12
1758875663,SOL/USDT,binance,195.96,195.96999999999997
1758875663,SOL/USDT,bybit,223.23,227.04131049178216
1758875667,BTC/USDT,okx,109466.6,109559.96928228808
1758875667,BTC/USDT,binance,109473.0,109473.01
1758875667,BTC/USDT,bybit,108790.56,108790.6
1758875684,ETH/USDT,okx,3936.32,3936.4290552570264
1758875684,ETH/USDT,binance,3937.21,3937.22
1758875684,ETH/USDT,bybit,4727.961015792654,4739.773584704913
1758875685,SOL/USDT,okx,196.06999999999996,196.11
1758875685,SOL/USDT,binance,196.15,196.16
1758875685,SOL/USDT,bybit,223.23,227.04131049178216
1758875689,BTC/USDT,okx,109573.9,109580.0
1758875689,BTC/USDT,binance,109482.61,109482.62
1758875689,BTC/USDT,bybit,108790.56,108790.6
1758875690,ETH/USDT,okx,3936.37,3936.500026198867
1758875690,ETH/USDT,binance,3937.21,3937.22
1758875690,ETH/USDT,bybit,4727.961015792654,4739.773584704913
1758875691,SOL/USDT,okx,196.05,196.06999999999996
1758875691,SOL/USDT,binance,196.15,196.16
1758875691,SOL/USDT,bybit,223.23,227.04131049178216
1758875695,BTC/USDT,okx,109481.0,109483.8
1758875695,BTC/USDT,binance,109481.31,109481.32
1758875695,BTC/USDT,bybit,108790.56,108790.6
1758875712,ETH/USDT,okx,3936.857242286907,3936.9012619747605
1758875712,ETH/USDT,binance,3935.41,3935.42
1758875712,ETH/USDT,bybit,4727.961015792654,4739.773584704913
1758875713,SOL/USDT,okx,196.00024072749568,196.23
1758875713,SOL/USDT,binance,196.23,196.24
1758875713,SOL/USDT,bybit,223.23,227.04131049178216
1758875717,BTC/USDT,okx,109503.7,109505.0
1758875717,BTC/USDT,binance,109481.31,109481.32
1758875717,BTC/USDT,bybit,108790.56,108790.6
1758875733,ETH/USDT,okx,3937.15,3943.022406069079
1758875733,ETH/USDT,binance,3936.43,3936.44
1758875733,ETH/USDT,bybit,4727.961015792654,4739.773584704913
1758875734,SOL/USDT,okx,196.25,196.28
1758875734,SOL/USDT,binance,196.27000000000004,196.28
1758875734,SOL/USDT,bybit,223.23,227.04131049178216
1758875737,BTC/USDT,okx,109500.5,109501.0
1758875737,BTC/USDT,binance,109496.67,109496.68
1758875737,BTC/USDT,bybit,108790.56,108790.6
1758875753,ETH/USDT,okx,3936.08,3936.0899999999997
1758875753,ETH/USDT,binance,3935.0399999999995,3935.05
1758875753,ETH/USDT,bybit,4727.961015792654,4739.773584704913
1758875753,SOL/USDT,okx,196.12,196.13000000000002
1758875753,SOL/USDT,binance,196.06000000000003,196.06999999999996
1758875753,SOL/USDT,bybit,223.23,227.04131049178216
1758875757,BTC/USDT,okx,109502.1,109502.3
1758875757,BTC/USDT,binance,109496.67,109496.68
1758875757,BTC/USDT,bybit,108790.56,108790.6
1758875773,ETH/USDT,okx,3935.39,3935.55
1758875773,ETH/USDT,binance,3935.0,3935.01
1758875773,ETH/USDT,bybit,4727.961015792654,4739.773584704913
1758875774,SOL/USDT,okx,196.06000000000003,196.09
1758875774,SOL/USDT,binance,196.0,196.01
1758875774,SOL/USDT,bybit,223.23,227.04131049178216
1758875778,BTC/USDT,okx,109502.9,109504.0
1758875778,BTC/USDT,binance,109500.58,109500.59
1758875778,BTC/USDT,bybit,108790.56,108790.6
1758875794,ETH/USDT,okx,3936.99,3937.0
1758875794,ETH/USDT,binance,3936.46,3936.47
1758875794,ETH/USDT,bybit,4727.961015792654,4739.773584704913
1758875795,SOL/USDT,okx,196.18,196.2095180309399
1758875795,SOL/USDT,binance,196.19999999999996,196.21
1758875795,SOL/USDT,bybit,223.23,227.04131049178216
1758875799,BTC/USDT,okx,109544.56261671231,109546.11869048886
1758875799,BTC/USDT,binance,109526.11,109526.12
1758875799,BTC/USDT,bybit,108790.56,108790.6
1758875815,ETH/USDT,okx,3936.0,3936.03
1758875815,ETH/USDT,bybit,4727.961015792654,4739.773584704913
1758875816,SOL/USDT,okx,196.13000000000002,196.19
1758875816,SOL/USDT,binance,196.19,196.19999999999996
1758875816,SOL/USDT,bybit,223.23,227.04131049178216
1758875819,BTC/USDT,okx,109544.7,109544.8
1758875819,BTC/USDT,binance,109539.87,109539.88
1758875819,BTC/USDT,bybit,108790.56,108790.6
1758875835,ETH/USDT,okx,3935.54,3935.57
1758875835,ETH/USDT,binance,3935.49,3935.5
1758875835,ETH/USDT,bybit,4727.961015792654,4739.773584704913
1758875835,SOL/USDT,okx,196.15,196.18
1758875835,SOL/USDT,binance,196.16,196.19
1758875835,SOL/USDT,bybit,223.23,227.04131049178216
1758875839,BTC/USDT,okx,109544.9,109545.0
1758875839,BTC/USDT,binance,109539.87,109539.88
1758875839,BTC/USDT,bybit,108790.56,108790.6
1758875856,ETH/USDT,okx,3935.6,3935.61
1758875856,ETH/USDT,binance,3935.1599999999994,3935.1700000000005
1758875856,ETH/USDT,bybit,4727.961015792654,4739.773584704913
1758875857,SOL/USDT,okx,196.09,196.12
1758875857,SOL/USDT,binance,196.13000000000002,196.13999999999996
1758875857,SOL/USDT,bybit,223.23,227.04131049178216
1758875861,BTC/USDT,okx,109536.6131860175,109538.6
1758875861,BTC/USDT,binance,109539.87,109539.88
1758875861,BTC/USDT,bybit,108790.56,108790.6
1758875877,ETH/USDT,okx,3936.7299999999996,3936.74
1758875877,ETH/USDT,binance,3934.4699999999993,3934.48
1758875877,ETH/USDT,bybit,4727.961015792654,4739.773584704913
1758875878,SOL/USDT,okx,196.09,196.15
1758875878,SOL/USDT,binance,196.0,196.01
1758875878,SOL/USDT,bybit,223.23,227.04131049178216
1758875883,BTC/USDT,okx,109560.0,109560.5
1758875883,BTC/USDT,binance,109551.99,109552.0
1758875883,BTC/USDT,bybit,108790.56,108790.6
1758875899,ETH/USDT,okx,3934.5,3934.6
1758875899,ETH/USDT,binance,3934.86,3934.87
1758875899,ETH/USDT,bybit,4727.961015792654,4739.773584704913
1758875900,SOL/USDT,okx,196.02999999999997,196.04
1758875900,SOL/USDT,binance,196.15,196.16
1758875900,SOL/USDT,bybit,223.23,227.04131049178216
1758875904,BTC/USDT,okx,109561.0,109563.1
1758875904,BTC/USDT,binance,109556.34,109556.35
1758875904,BTC/USDT,bybit,108790.56,108790.6
1758875920,ETH/USDT,okx,3935.3999999999996,3935.41
1758875920,ETH/USDT,binance,3935.33,3935.34
1758875920,ETH/USDT,bybit,4727.961015792654,4739.773584704913
1758875921,SOL/USDT,okx,196.0,196.01
1758875921,SOL/USDT,binance,195.96,195.96999999999997
1758875921,SOL/USDT,bybit,223.23,227.04131049178216
1758875925,BTC/USDT,okx,109548.5,109551.55617937753
1758875925,BTC/USDT,binance,109556.34,109556.35
1758875925,BTC/USDT,bybit,108790.56,108790.6
1758875940,ETH/USDT,okx,3935.6999999999994,3935.81
1758875940,ETH/USDT,binance,3935.3700000000003,3935.3800000000006
1758875940,ETH/USDT,bybit,4727.961015792654,4739.773584704913
1758875941,SOL/USDT,okx,195.95,195.98
1758875941,SOL/USDT,binance,195.94000000000003,195.95
1758875941,SOL/USDT,bybit,223.23,227.04131049178216
1758875945,BTC/USDT,okx,109559.5,109559.8
1758875945,BTC/USDT,binance,109552.41,109552.42
1758875945,BTC/USDT,bybit,108790.56,108790.6
1758875961,ETH/USDT,okx,3934.4199999999996,3934.65
1758875961,ETH/USDT,binance,3934.48,3934.49
1758875961,ETH/USDT,bybit,4721.74,4731.40368022374
1758875962,SOL/USDT,okx,195.88999999999996,195.91999999999996
1758875962,SOL/USDT,binance,195.88,195.88999999999996
1758875962,SOL/USDT,bybit,223.23,227.04131049178216
1758875966,BTC/USDT,okx,109556.2,109557.0
1758875966,BTC/USDT,binance,109552.41,109552.42
1758875966,BTC/USDT,bybit,108790.56,108790.6
1758875981,ETH/USDT,okx,3935.74,3935.75
1758875981,ETH/USDT,binance,3935.29,3935.3
1758875981,ETH/USDT,bybit,4721.74,4731.40368022374
1758875982,SOL/USDT,okx,195.88,195.9
1758875982,SOL/USDT,binance,195.87,195.88
1758875982,SOL/USDT,bybit,223.23,227.04131049178216
1758875986,BTC/USDT,okx,109556.2,109557.0
1758875986,BTC/USDT,binance,109552.4,109552.41
1758875986,BTC/USDT,bybit,108790.56,108790.6
1758876002,ETH/USDT,okx,3936.6100000000006,3936.65
1758876002,ETH/USDT,binance,3935.83,3935.84
1758876002,ETH/USDT,bybit,4721.74,4731.40368022374
1758876004,SOL/USDT,okx,195.96371385423748,196.00085569767796
1758876004,SOL/USDT,binance,195.96,195.96999999999997
1758876004,SOL/USDT,bybit,223.23,227.04131049178216
1758876008,BTC/USDT,okx,109560.1,109563.3
1758876008,BTC/USDT,binance,109552.4,109552.41
1758876008,BTC/USDT,bybit,108790.56,108790.6
1758876023,ETH/USDT,okx,3936.1100000000006,3936.33
1758876023,ETH/USDT,binance,3935.83,3935.84
1758876023,ETH/USDT,bybit,4721.74,4731.40368022374
1758876024,SOL/USDT,okx,195.94000000000003,195.95
1758876024,SOL/USDT,binance,195.93000000000004,195.94000000000003
1758876024,SOL/USDT,bybit,223.23,227.04131049178216
1758876028,BTC/USDT,okx,109571.0,109573.15241171194
1758876028,BTC/USDT,binance,109552.4,109552.41
1758876028,BTC/USDT,bybit,108790.56,108790.6
1758876044,ETH/USDT,okx,3938.41,3938.4200000000005
1758876044,ETH/USDT,binance,3937.87,3937.88
1758876044,ETH/USDT,bybit,4721.74,4731.40368022374
1758876045,SOL/USDT,okx,196.04,196.06000000000003
1758876045,SOL/USDT,binance,196.06000000000003,196.06999999999996
1758876045,SOL/USDT,bybit,223.23,227.04131049178216
1758876098,BTC/USDT,okx,109543.8,109544.1
1758876098,BTC/USDT,binance,109539.98,109539.99
1758876098,BTC/USDT,bybit,108790.56,108790.6
1758876114,ETH/USDT,okx,3937.27,3937.3
1758876114,ETH/USDT,binance,3936.68,3936.69
1758876114,ETH/USDT,bybit,4721.74,4731.40368022374
1758876116,SOL/USDT,okx,196.05,196.06000000000003
1758876116,SOL/USDT,binance,196.06999999999996,196.08
1758876116,SOL/USDT,bybit,223.23,227.04131049178216
1758876121,BTC/USDT,okx,109546.0,109546.4
1758876121,BTC/USDT,binance,109540.75,109540.76
1758876121,BTC/USDT,bybit,108790.56,108790.6
1758876138,ETH/USDT,okx,3936.25,3936.260191910504
1758876138,ETH/USDT,binance,3936.68,3936.69
1758876138,ETH/USDT,bybit,4721.74,4731.40368022374
1758876139,SOL/USDT,okx,196.0,196.06000000000003
1758876139,SOL/USDT,binance,196.02,196.02999999999997
1758876139,SOL/USDT,bybit,223.23,227.04131049178216
1758876143,BTC/USDT,okx,109544.7,109545.7
1758876143,BTC/USDT,binance,109540.76,109540.77
1758876143,BTC/USDT,bybit,108790.56,108790.6
1758876161,ETH/USDT,okx,3936.38,3936.7992913761273
1758876161,ETH/USDT,binance,3936.35,3936.36
1758876161,ETH/USDT,bybit,4721.74,4731.40368022374
1758876163,SOL/USDT,okx,196.16999999999996,196.18
1758876163,SOL/USDT,binance,196.16,196.16999999999996
1758876163,SOL/USDT,bybit,223.23,227.04131049178216
1758876169,BTC/USDT,okx,109543.8,109544.0
1758876169,BTC/USDT,binance,109542.29,109542.3
1758876169,BTC/USDT,bybit,108790.56,108790.6
1758876186,ETH/USDT,okx,3934.37,3934.44
1758876186,ETH/USDT,binance,3934.21,3934.22
1758876186,ETH/USDT,bybit,4721.74,4731.40368022374
1758876188,SOL/USDT,okx,195.95,195.98
1758876188,SOL/USDT,binance,195.96,195.96999999999997
1758876188,SOL/USDT,bybit,223.23,227.04131049178216
1758876192,BTC/USDT,okx,109579.9,109580.0
1758876192,BTC/USDT,binance,109523.49,109523.5
1758876192,BTC/USDT,bybit,108790.56,108790.6
1758876194,ETH/USDT,okx,3934.94,3938.8
1758876194,ETH/USDT,binance,3934.21,3934.22
1758876194,ETH/USDT,bybit,4721.74,4731.40368022374
1758876195,SOL/USDT,okx,195.96,196.01
1758876195,SOL/USDT,binance,195.96,195.96999999999997
1758876195,SOL/USDT,bybit,223.23,227.04131049178216
1758876200,BTC/USDT,okx,109544.5,109563.0
1758876200,BTC/USDT,binance,109515.43,109515.44
1758876200,BTC/USDT,bybit,108790.56,108790.6
1758876217,ETH/USDT,okx,3938.23,3938.24
1758876217,ETH/USDT,binance,3937.91,3937.92
1758876217,ETH/USDT,bybit,4721.74,4731.40368022374
1758876218,SOL/USDT,okx,196.18,196.21
1758876218,SOL/USDT,binance,196.18,196.19
1758876218,SOL/USDT,bybit,223.23,227.04131049178216
1758876223,BTC/USDT,okx,109579.2,109580.0
1758876223,BTC/USDT,binance,109559.84,109559.85
1758876223,BTC/USDT,bybit,108790.56,108790.6
1758876241,ETH/USDT,okx,3939.7200000000003,3939.75
1758876241,ETH/USDT,binance,3939.02,3939.03
1758876241,ETH/USDT,bybit,4721.74,4731.40368022374
1758876243,SOL/USDT,okx,196.25,196.28
1758876243,SOL/USDT,binance,196.29,196.3
1758876243,SOL/USDT,bybit,223.23,228.63599670708217
1758876248,BTC/USDT,okx,109589.5,109589.7
1758876248,BTC/USDT,binance,109587.99,109588.0
1758876248,BTC/USDT,bybit,108790.56,108790.6
1758876265,ETH/USDT,okx,3941.18,3941.19
1758876265,ETH/USDT,binance,3940.56,3940.57
1758876265,ETH/USDT,bybit,4723.013626746642,4731.40368022374
1758876267,SOL/USDT,okx,196.38,196.39
1758876267,SOL/USDT,binance,196.39,196.4
1758876267,SOL/USDT,bybit,223.23,228.63599670708217
1758876271,BTC/USDT,okx,109595.8,109595.9
1758876271,BTC/USDT,binance,109588.63,109588.64
1758876271,BTC/USDT,bybit,108790.56,108790.6
1758876289,ETH/USDT,okx,3940.18,3940.22
1758876289,ETH/USDT,binance,3940.6299999999997,3940.64
1758876289,ETH/USDT,bybit,4723.013626746642,4731.40368022374
1758876290,SOL/USDT,okx,196.43999999999997,196.46999999999997
1758876290,SOL/USDT,binance,196.46999999999997,196.48
1758876290,SOL/USDT,bybit,223.23,228.63599670708217
1758876295,BTC/USDT,okx,109599.0,109599.7
1758876295,BTC/USDT,binance,109599.99,109600.0
1758876295,BTC/USDT,bybit,108790.56,108790.6
1758876311,ETH/USDT,okx,3940.92,3940.93
1758876311,ETH/USDT,binance,3940.2,3940.21
1758876311,ETH/USDT,bybit,4723.013626746642,4731.40368022374
1758876313,SOL/USDT,okx,196.45,196.46999999999997
1758876313,SOL/USDT,binance,196.45,196.46
1758876313,SOL/USDT,bybit,223.23,228.63599670708217
1758876317,BTC/USDT,okx,109599.7,109600.0
1758876317,BTC/USDT,binance,109599.99,109600.0
1758876317,BTC/USDT,bybit,108790.56,108790.6
1758876334,ETH/USDT,okx,3941.13,3941.82
1758876334,ETH/USDT,binance,3940.6299999999997,3940.64
1758876334,ETH/USDT,bybit,4723.013626746642,4731.40368022374
1758876337,SOL/USDT,okx,196.54,196.54999999999998
1758876337,SOL/USDT,binance,196.52000000000004,196.53
1758876337,SOL/USDT,bybit,223.23,228.63599670708217
1758876341,BTC/USDT,okx,109640.1,109653.6
1758876341,BTC/USDT,binance,109596.34,109596.35
1758876341,BTC/USDT,bybit,108790.56,108790.6
1758876358,ETH/USDT,okx,3938.68,3938.69
1758876358,ETH/USDT,binance,3937.23,3937.24
1758876358,ETH/USDT,bybit,4723.013626746642,4731.40368022374
1758876360,SOL/USDT,okx,196.3,196.31999999999996
1758876360,SOL/USDT,binance,196.25999999999996,196.27000000000004
1758876360,SOL/USDT,bybit,223.23,228.63599670708217
1758876365,BTC/USDT,okx,109648.5,109653.6
1758876365,BTC/USDT,binance,109580.0,109580.01
1758876365,BTC/USDT,bybit,108790.56,108790.6
1758876366,ETH/USDT,okx,3937.68,3937.69
1758876366,ETH/USDT,binance,3937.23,3937.24
1758876366,ETH/USDT,bybit,4723.013626746642,4731.40368022374
1758876368,SOL/USDT,okx,196.27000000000004,196.31999999999996
1758876368,SOL/USDT,binance,196.25999999999996,196.27000000000004
1758876368,SOL/USDT,bybit,223.23,228.63599670708217
1758876373,BTC/USDT,okx,109653.5,109653.6
1758876373,BTC/USDT,binance,109573.11,109573.12
1758876373,BTC/USDT,bybit,108790.56,108790.6
1758876375,ETH/USDT,okx,3938.2800000000007,3938.3
1758876375,ETH/USDT,binance,3937.16,3937.17
1758876375,ETH/USDT,bybit,4723.013626746642,4731.40368022374
1758876376,SOL/USDT,okx,196.22,196.25999999999996
1758876376,SOL/USDT,binance,196.21,196.22
1758876376,SOL/USDT,bybit,223.23,228.63599670708217
1758876382,BTC/USDT,okx,109653.5,109653.6
1758876382,BTC/USDT,binance,109573.11,109573.12
1758876382,BTC/USDT,bybit,108790.56,108790.6
1758876384,ETH/USDT,okx,3938.65,3945.15
1758876384,ETH/USDT,binance,3937.16,3937.17
1758876384,ETH/USDT,bybit,4723.013626746642,4731.40368022374
1758876386,SOL/USDT,okx,196.21,196.22
1758876386,SOL/USDT,binance,196.21,196.22
1758876386,SOL/USDT,bybit,223.23,228.63599670708217
1758876391,BTC/USDT,okx,109569.1,109570.4
1758876391,BTC/USDT,binance,109569.05,109569.06
1758876391,BTC/USDT,bybit,108790.56,108790.6
1758876407,ETH/USDT,okx,3942.65,3942.76
1758876407,ETH/USDT,binance,3940.32,3940.33
1758876407,ETH/USDT,bybit,4723.013626746642,4731.40368022374
1758876409,SOL/USDT,okx,196.13868184338534,196.43668477735838
1758876409,SOL/USDT,binance,196.41,196.42000000000002
1758876409,SOL/USDT,bybit,223.23,228.63599670708217
1758876413,BTC/USDT,okx,109594.0,109595.0
1758876413,BTC/USDT,binance,109569.05,109569.06
1758876413,BTC/USDT,bybit,108790.56,108790.6
1758876430,ETH/USDT,okx,3943.15,3943.16
1758876430,ETH/USDT,binance,3942.15,3942.16
1758876430,ETH/USDT,bybit,4724.9023677049,4731.40368022374
1758876431,SOL/USDT,okx,196.46999999999997,196.5
1758876431,SOL/USDT,binance,196.48,196.48999999999998
1758876431,SOL/USDT,bybit,223.23,228.63599670708217
1758876436,BTC/USDT,okx,109595.8,109596.0
1758876436,BTC/USDT,binance,109588.99,109589.0
1758876436,BTC/USDT,bybit,108790.56,108790.6
1758876453,ETH/USDT,okx,3944.05,3944.07
1758876453,ETH/USDT,binance,3943.79,3943.8
1758876453,ETH/USDT,bybit,4724.9023677049,4731.40368022374
1758876455,SOL/USDT,okx,196.42000000000002,196.43999999999997
1758876455,SOL/USDT,binance,196.39,196.4
1758876455,SOL/USDT,bybit,223.23,228.63599670708217
1758876459,BTC/USDT,okx,109653.5,109653.6
1758876459,BTC/USDT,binance,109588.99,109589.0
1758876459,BTC/USDT,bybit,108790.56,108790.6
1758876461,ETH/USDT,okx,3943.47,3943.48
1758876461,ETH/USDT,binance,3943.79,3943.8
1758876461,ETH/USDT,bybit,4724.9023677049,4731.40368022374
1758876463,SOL/USDT,okx,196.39,196.42000000000002
1758876463,SOL/USDT,binance,196.39,196.4
1758876463,SOL/USDT,bybit,223.23,228.63599670708217
1758876468,BTC/USDT,okx,109653.5,109653.6
1758876468,BTC/USDT,binance,109582.42,109582.43
1758876468,BTC/USDT,bybit,108790.56,108790.6
1758876469,ETH/USDT,okx,3944.46,3944.4699999999993
1758876469,ETH/USDT,binance,3943.0400000000004,3943.05
1758876469,ETH/USDT,bybit,4724.9023677049,4731.40368022374
1758876471,SOL/USDT,okx,196.39,196.45
1758876471,SOL/USDT,binance,196.43999999999997,196.45
1758876471,SOL/USDT,bybit,223.23,228.63599670708217
1758876476,BTC/USDT,okx,109653.5,109653.6
1758876476,BTC/USDT,binance,109582.42,109582.43
1758876476,BTC/USDT,bybit,108790.56,108790.6
1758876477,ETH/USDT,okx,3942.99,3943.01
1758876477,ETH/USDT,binance,3943.0400000000004,3943.05
1758876477,ETH/USDT,bybit,4724.9023677049,4731.40368022374
1758876479,SOL/USDT,okx,196.38,196.41
1758876479,SOL/USDT,binance,196.43999999999997,196.45
1758876479,SOL/USDT,bybit,223.23,228.63599670708217
1758876483,BTC/USDT,okx,109653.5,109653.6
1758876483,BTC/USDT,binance,109573.17,109573.18
1758876483,BTC/USDT,bybit,108790.56,108790.6
1758876485,ETH/USDT,okx,3942.68,3945.15
1758876485,ETH/USDT,binance,3941.45,3941.46
1758876485,ETH/USDT,bybit,4724.9023677049,4731.40368022374
1758876486,SOL/USDT,okx,196.31999999999996,196.33
1758876486,SOL/USDT,binance,196.31999999999996,196.33
1758876486,SOL/USDT,bybit,223.23,228.63599670708217
1758876491,BTC/USDT,okx,109623.5,109653.6
1758876491,BTC/USDT,binance,109573.17,109573.18
1758876491,BTC/USDT,bybit,108790.56,108790.6
1758876508,ETH/USDT,okx,3941.75,3941.76
1758876508,ETH/USDT,binance,3941.06,3941.07
1758876508,ETH/USDT,bybit,4724.9023677049,4731.40368022374
1758876509,SOL/USDT,okx,196.29,196.31999999999996
1758876509,SOL/USDT,binance,196.33,196.34
1758876509,SOL/USDT,bybit,223.23,228.63599670708217
1758876514,BTC/USDT,okx,109574.7,109575.0
1758876514,BTC/USDT,binance,109573.1,109573.11
1758876514,BTC/USDT,bybit,108790.56,108790.6
1758876574,ETH/USDT,okx,3937.6,3937.61
1758876574,ETH/USDT,binance,3939.7600000000007,3939.7699999999995
1758876574,ETH/USDT,bybit,4724.9023677049,4731.40368022374
1758876576,SOL/USDT,okx,196.19,196.19999999999996
1758876576,SOL/USDT,binance,196.28,196.29
1758876576,SOL/USDT,bybit,223.23,228.63599670708217
1758876581,BTC/USDT,okx,109555.0,109555.2
1758876581,BTC/USDT,binance,109558.33,109558.34
1758876581,BTC/USDT,bybit,108790.56,108790.6
1758876597,ETH/USDT,okx,3937.61,3937.6199999999994
1758876597,ETH/USDT,binance,3937.61,3937.6199999999994
1758876597,ETH/USDT,bybit,4724.9023677049,4731.40368022374
1758876599,SOL/USDT,okx,196.13000000000002,196.13999999999996
1758876599,SOL/USDT,binance,196.11,196.12
1758876599,SOL/USDT,bybit,223.23,228.63599670708217
1758876603,BTC/USDT,okx,109576.4,109581.54985548278
1758876603,BTC/USDT,binance,109557.27,109557.28
1758876603,BTC/USDT,bybit,108790.56,108790.6
1758876619,ETH/USDT,okx,3935.89,3935.96
1758876619,ETH/USDT,binance,3936.31,3936.32
1758876619,ETH/USDT,bybit,4724.9023677049,4731.40368022374
1758876621,SOL/USDT,okx,196.00024072749568,196.04
1758876621,SOL/USDT,binance,196.02,196.02999999999997
1758876621,SOL/USDT,bybit,223.23,228.63599670708217
1758876626,BTC/USDT,okx,109548.68342351342,109551.07400886907
1758876626,BTC/USDT,binance,109542.73,109542.74
1758876626,BTC/USDT,bybit,108790.56,108790.6
1758876641,ETH/USDT,okx,3934.79,3934.8
1758876641,ETH/USDT,binance,3934.9599999999996,3934.97
1758876641,ETH/USDT,bybit,4724.9023677049,4731.40368022374
1758876643,SOL/USDT,okx,195.88,195.9
1758876643,SOL/USDT,binance,195.87,195.88
1758876643,SOL/USDT,bybit,223.23,228.63599670708217
1758876648,BTC/USDT,okx,109539.3,109541.3
1758876648,BTC/USDT,binance,109542.73,109542.74
1758876648,BTC/USDT,bybit,108790.56,108790.6
1758876665,ETH/USDT,okx,3934.9599999999996,3935.87
1758876665,ETH/USDT,binance,3934.1399999999994,3934.15
1758876665,ETH/USDT,bybit,4724.9023677049,4731.40368022374
1758876666,SOL/USDT,okx,195.88,196.0
1758876666,SOL/USDT,binance,195.87,195.88
1758876666,SOL/USDT,bybit,223.23,228.63599670708217
1758876671,BTC/USDT,okx,109324.3,109525.4
1758876671,BTC/USDT,binance,109555.14,109555.15
1758876671,BTC/USDT,bybit,108790.56,108790.6
1758876687,ETH/USDT,okx,3937.29,3937.33
1758876687,ETH/USDT,binance,3937.22,3937.23
1758876687,ETH/USDT,bybit,4724.9023677049,4731.40368022374
1758876689,SOL/USDT,okx,196.04,196.08
1758876689,SOL/USDT,binance,196.05,196.06000000000003
1758876689,SOL/USDT,bybit,223.23,228.63599670708217
1758876694,BTC/USDT,okx,109579.4,109579.5
1758876694,BTC/USDT,binance,109570.02,109570.03
1758876694,BTC/USDT,bybit,108790.3654049235,108790.6
1758876710,ETH/USDT,okx,3936.9993699937,3937.15
1758876710,ETH/USDT,binance,3937.04,3937.05
1758876710,ETH/USDT,bybit,4724.9023677049,4731.40368022374
1758876712,SOL/USDT,okx,196.12,196.15
1758876712,SOL/USDT,binance,196.12,196.13000000000002
1758876712,SOL/USDT,bybit,223.23,228.63599670708217
1758876717,BTC/USDT,okx,109585.7,109585.8
1758876717,BTC/USDT,binance,109577.59,109577.6
1758876717,BTC/USDT,bybit,108790.3654049235,108790.6
1758876734,ETH/USDT,okx,3936.9700000000003,3936.98
1758876734,ETH/USDT,binance,3936.53,3936.54
1758876734,ETH/USDT,bybit,4724.9023677049,4731.40368022374
1758876736,SOL/USDT,okx,196.12,196.13000000000002
1758876736,SOL/USDT,binance,196.11,196.12
1758876736,SOL/USDT,bybit,223.24,228.63599670708217
1758876740,BTC/USDT,okx,109570.8,109666.6
1758876740,BTC/USDT,binance,109577.59,109577.6
1758876740,BTC/USDT,bybit,108790.3654049235,108790.6
1758876758,ETH/USDT,okx,3933.96,3936.38
1758876758,ETH/USDT,binance,3933.81,3933.82
1758876758,ETH/USDT,bybit,4724.9023677049,4731.40368022374
1758876760,SOL/USDT,okx,195.96,196.02999999999997
1758876760,SOL/USDT,binance,195.95,195.96
1758876760,SOL/USDT,bybit,223.24,223.26
1758876765,BTC/USDT,okx,109572.8,109573.8
1758876765,BTC/USDT,binance,109570.04,109570.05
1758876765,BTC/USDT,bybit,108790.3654049235,108790.6
1758876781,ETH/USDT,okx,3934.6,3934.7
1758876781,ETH/USDT,binance,3934.16,3934.17
1758876781,ETH/USDT,bybit,4724.9023677049,4731.40368022374
1758876783,SOL/USDT,okx,196.06000000000003,196.08
1758876783,SOL/USDT,binance,196.02999999999997,196.04
1758876783,SOL/USDT,bybit,223.24,223.26
1758876789,BTC/USDT,okx,109575.5,109581.33014939964
1758876789,BTC/USDT,binance,109570.04,109570.05
1758876789,BTC/USDT,bybit,108790.3654049235,108790.6
1758876807,ETH/USDT,okx,3934.11,3934.1534486241303
1758876807,ETH/USDT,binance,3933.86,3933.87
1758876807,ETH/USDT,bybit,4724.9023677049,4731.40368022374
1758876808,SOL/USDT,okx,196.04,196.06999999999996
1758876808,SOL/USDT,binance,196.02,196.02999999999997
1758876808,SOL/USDT,bybit,223.24,223.26
1758876813,BTC/USDT,okx,109574.8,109574.9
1758876813,BTC/USDT,binance,109570.04,109570.05
1758876813,BTC/USDT,bybit,108790.3654049235,108790.6
1758876830,ETH/USDT,okx,3935.0799999999995,3935.14
1758876830,ETH/USDT,binance,3934.64,3934.65
1758876830,ETH/USDT,bybit,4724.9023677049,4731.40368022374
1758876832,SOL/USDT,okx,196.16,196.21
1758876832,SOL/USDT,binance,196.21,196.22
1758876832,SOL/USDT,bybit,223.24,223.26
1758876837,BTC/USDT,okx,109593.7,109597.6
1758876837,BTC/USDT,binance,109588.99,109589.0
1758876837,BTC/USDT,bybit,108790.3654049235,108790.6
1758876853,ETH/USDT,okx,3935.99,3936.0
1758876853,ETH/USDT,binance,3935.46,3935.47
1758876853,ETH/USDT,bybit,4724.9023677049,4731.40368022374
1758876855,SOL/USDT,okx,196.19999999999996,196.21
1758876855,SOL/USDT,binance,196.19999999999996,196.21
1758876855,SOL/USDT,bybit,223.24,223.26
1758876860,BTC/USDT,okx,109599.47889930703,109600.0
1758876860,BTC/USDT,binance,109599.99,109600.0
1758876860,BTC/USDT,bybit,108790.3654049235,108790.6
1758876877,ETH/USDT,okx,3937.49,3937.5
1758876877,ETH/USDT,binance,3937.17,3937.18
1758876877,ETH/USDT,bybit,4724.9023677049,4731.40368022374
1758876879,SOL/USDT,okx,196.27000000000004,196.3
1758876879,SOL/USDT,binance,196.29,196.3
1758876879,SOL/USDT,bybit,223.24,223.26
1758876884,BTC/USDT,okx,109615.4,109615.6
1758876884,BTC/USDT,binance,109607.49,109607.5
1758876884,BTC/USDT,bybit,108790.3654049235,108790.6
1758876900,ETH/USDT,okx,3936.34,3943.0162552095567
1758876900,ETH/USDT,binance,3936.5,3936.51
1758876900,ETH/USDT,bybit,4724.9023677049,4731.40368022374
1758876902,SOL/USDT,okx,196.1620177617471,196.23
1758876902,SOL/USDT,binance,196.24,196.25
1758876902,SOL/USDT,bybit,223.24,223.26
1758876907,BTC/USDT,okx,109614.7,109620.15419347752
1758876907,BTC/USDT,binance,109607.49,109607.5
1758876907,BTC/USDT,bybit,108790.3654049235,108790.6
1758877269,SOL/USDT,okx,195.92,195.95
1758877269,SOL/USDT,binance,195.95,195.96
1758877269,SOL/USDT,bybit,223.24,223.26
1758877274,SOL/USDT,okx,195.91,195.93
1758877274,SOL/USDT,binance,195.9,195.91
1758877274,SOL/USDT,bybit,223.24,223.26
1758877278,SOL/USDT,okx,195.88,195.92
1758877278,SOL/USDT,binance,195.9,195.91
1758877278,SOL/USDT,bybit,223.24,223.26
1758877283,SOL/USDT,okx,195.86988966659916,195.88
1758877283,SOL/USDT,binance,195.9,195.91
1758877283,SOL/USDT,bybit,223.24,223.26
1758877288,SOL/USDT,okx,195.80464370293006,195.82
1758877288,SOL/USDT,binance,195.77,195.79
1758877288,SOL/USDT,bybit,223.24,223.26
1758877292,SOL/USDT,okx,195.8,195.82
1758877292,SOL/USDT,binance,195.77,195.79
1758877292,SOL/USDT,bybit,223.24,223.26
1758877297,SOL/USDT,okx,195.79,195.8
1758877297,SOL/USDT,binance,195.77,195.79
1758877297,SOL/USDT,bybit,223.24,223.26
1758877303,SOL/USDT,okx,195.77,195.79
1758877303,SOL/USDT,binance,195.76,195.77
1758877303,SOL/USDT,bybit,223.24,223.26
1758877308,SOL/USDT,okx,195.78,195.85
1758877308,SOL/USDT,binance,195.76,195.77
1758877308,SOL/USDT,bybit,223.24,223.26
1758877312,SOL/USDT,okx,195.84,195.87
1758877312,SOL/USDT,binance,195.76,195.77
1758877312,SOL/USDT,bybit,223.24,223.26
1758877317,SOL/USDT,okx,195.84,195.85
1758877317,SOL/USDT,binance,195.76,195.77
1758877317,SOL/USDT,bybit,223.24,223.26
1758877322,SOL/USDT,okx,195.82,195.85
1758877322,SOL/USDT,binance,195.77,195.78
1758877322,SOL/USDT,bybit,223.24,223.26
1758877326,SOL/USDT,okx,195.77,195.81
1758877326,SOL/USDT,binance,195.77,195.78
1758877326,SOL/USDT,bybit,223.24,223.26
1758877331,SOL/USDT,okx,195.76,195.78
1758877331,SOL/USDT,binance,195.77,195.78
1758877331,SOL/USDT,bybit,223.24,223.26
1758877336,SOL/USDT,okx,195.75,195.76
1758877336,SOL/USDT,binance,195.73,195.74
1758877336,SOL/USDT,bybit,223.24,223.26
1758877341,SOL/USDT,okx,195.74,195.76
1758877341,SOL/USDT,binance,195.73,195.74
1758877341,SOL/USDT,bybit,223.24,223.26
1758877346,SOL/USDT,okx,195.73254628469462,195.76
1758877346,SOL/USDT,binance,195.73,195.74
1758877346,SOL/USDT,bybit,223.24,223.26
1758877351,SOL/USDT,okx,195.73254628469462,195.81
1758877351,SOL/USDT,binance,195.73,195.74
1758877351,SOL/USDT,bybit,223.24,223.26
1758877356,SOL/USDT,okx,195.73,195.75
1758877356,SOL/USDT,binance,195.73,195.74
1758877356,SOL/USDT,bybit,223.24,223.26
1758877361,SOL/USDT,okx,195.74,195.75
1758877361,SOL/USDT,binance,195.73,195.74
1758877361,SOL/USDT,bybit,223.24,223.26
1758877365,SOL/USDT,okx,195.75,195.8
1758877365,SOL/USDT,binance,195.73,195.74
1758877365,SOL/USDT,bybit,223.24,223.26
1758877369,SOL/USDT,okx,195.81,195.84
1758877369,SOL/USDT,binance,195.79,195.8
1758877369,SOL/USDT,bybit,223.24,223.26
1758877375,SOL/USDT,okx,195.77,195.82
1758877375,SOL/USDT,binance,195.79,195.8
1758877375,SOL/USDT,bybit,223.24,223.26
1758877379,SOL/USDT,okx,195.77,195.78
1758877379,SOL/USDT,binance,195.79,195.8
1758877379,SOL/USDT,bybit,223.24,223.26
1758877384,SOL/USDT,okx,195.77,195.78
1758877384,SOL/USDT,binance,195.78,195.79
1758877384,SOL/USDT,bybit,223.24,223.26
1758877389,SOL/USDT,okx,195.77,195.78
1758877389,SOL/USDT,binance,195.78,195.79
1758877389,SOL/USDT,bybit,223.24,223.26
1758877394,SOL/USDT,okx,195.73,195.79
1758877394,SOL/USDT,binance,195.78,195.79
1758877394,SOL/USDT,bybit,223.24,223.26
1758877400,SOL/USDT,okx,195.68,195.71
1758877400,SOL/USDT,binance,195.65,195.66
1758877400,SOL/USDT,bybit,223.24,223.26
1758877404,SOL/USDT,okx,195.66,195.69
1758877404,SOL/USDT,binance,195.65,195.66
1758877404,SOL/USDT,bybit,223.24,223.26
1758877409,SOL/USDT,okx,195.66,195.67
1758877409,SOL/USDT,binance,195.65,195.66
1758877409,SOL/USDT,bybit,223.24,223.26
1758877414,SOL/USDT,okx,195.68,195.76
1758877414,SOL/USDT,binance,195.75,195.76
1758877414,SOL/USDT,bybit,223.24,223.26
1758877418,SOL/USDT,okx,195.71,195.78
1758877418,SOL/USDT,binance,195.75,195.76
1758877418,SOL/USDT,bybit,223.24,223.26
1758877422,SOL/USDT,okx,195.73,195.74
1758877422,SOL/USDT,binance,195.75,195.76
1758877422,SOL/USDT,bybit,223.24,223.26
1758877427,SOL/USDT,okx,195.72,195.77
1758877427,SOL/USDT,binance,195.75,195.76
1758877427,SOL/USDT,bybit,223.24,223.26
1758877432,SOL/USDT,okx,195.85,195.88
1758877432,SOL/USDT,binance,195.88,195.89
1758877432,SOL/USDT,bybit,223.24,223.26
1758877437,SOL/USDT,okx,195.71,195.97
1758877437,SOL/USDT,binance,195.88,195.89
1758877437,SOL/USDT,bybit,223.24,223.26
1758877442,SOL/USDT,okx,195.87,195.9
1758877442,SOL/USDT,binance,195.88,195.89
1758877442,SOL/USDT,bybit,223.24,223.26
1758877447,SOL/USDT,okx,195.85,195.87
1758877447,SOL/USDT,binance,195.82,195.83
1758877447,SOL/USDT,bybit,223.24,223.26
1758877451,SOL/USDT,okx,195.77,195.86
1758877451,SOL/USDT,binance,195.82,195.83
1758877451,SOL/USDT,bybit,223.24,223.26
1758877457,SOL/USDT,okx,195.71,195.78
1758877457,SOL/USDT,binance,195.82,195.83
1758877457,SOL/USDT,bybit,223.24,223.26
1758877462,SOL/USDT,okx,195.57,195.59
1758877462,SOL/USDT,binance,195.52,195.53
1758877462,SOL/USDT,bybit,223.24,223.26
1758877466,SOL/USDT,okx,195.57,195.58
1758877466,SOL/USDT,binance,195.52,195.53
1758877466,SOL/USDT,bybit,223.24,223.26
1758877471,SOL/USDT,okx,195.54,195.55
1758877471,SOL/USDT,binance,195.52,195.53
1758877471,SOL/USDT,bybit,223.24,223.26
1758877475,SOL/USDT,okx,195.54,195.56
1758877475,SOL/USDT,binance,195.52,195.53
1758877475,SOL/USDT,bybit,223.24,223.26
1758877480,SOL/USDT,okx,195.53,195.55
1758877480,SOL/USDT,binance,195.52,195.53
1758877480,SOL/USDT,bybit,223.24,223.26
1758877484,SOL/USDT,okx,195.53,195.54
1758877484,SOL/USDT,binance,195.52,195.53
1758877484,SOL/USDT,bybit,223.24,223.26
1758877489,SOL/USDT,okx,195.528386310253,195.54161312244236
1758877489,SOL/USDT,binance,195.52,195.53
1758877489,SOL/USDT,bybit,223.24,223.26
1758877494,SOL/USDT,okx,195.528386310253,195.55161269355577
1758877494,SOL/USDT,binance,195.52,195.53
1758877494,SOL/USDT,bybit,223.24,223.26
1758877499,SOL/USDT,okx,195.54,195.61322010236643
1758877499,SOL/USDT,binance,195.52,195.53
1758877499,SOL/USDT,bybit,223.24,223.26
1758877505,SOL/USDT,okx,195.65,195.66
1758877505,SOL/USDT,binance,195.52,195.53
1758877505,SOL/USDT,bybit,223.24,223.26
1758877509,SOL/USDT,okx,195.69,195.71
1758877509,SOL/USDT,binance,195.7,195.71
1758877509,SOL/USDT,bybit,223.24,223.26
1758877514,SOL/USDT,okx,195.7,195.74
1758877514,SOL/USDT,binance,195.7,195.71
1758877514,SOL/USDT,bybit,223.24,223.26
1758877519,SOL/USDT,okx,195.72,195.83
1758877519,SOL/USDT,binance,195.7,195.71246507009482
1758877519,SOL/USDT,bybit,223.24,223.26
1758877524,SOL/USDT,okx,195.9,195.91
1758877524,SOL/USDT,binance,195.7,195.72
1758877524,SOL/USDT,bybit,223.24,223.26
1758877529,SOL/USDT,okx,195.88,195.89
1758877529,SOL/USDT,binance,195.88,195.89
1758877529,SOL/USDT,bybit,223.24,223.26
1758877534,SOL/USDT,okx,195.88,195.89
1758877534,SOL/USDT,binance,195.88,195.89
1758877534,SOL/USDT,bybit,223.24,223.26
1758877539,SOL/USDT,okx,195.91,195.94
1758877539,SOL/USDT,binance,195.88,195.89
1758877539,SOL/USDT,bybit,223.24,223.26
1758877543,SOL/USDT,okx,195.93,195.94
1758877543,SOL/USDT,binance,195.95,195.96
1758877543,SOL/USDT,bybit,223.24,223.26
1758877548,SOL/USDT,okx,195.9,195.93
1758877548,SOL/USDT,binance,195.95,195.96
1758877548,SOL/USDT,bybit,223.24,223.26
1758877553,SOL/USDT,okx,195.9,195.91
1758877553,SOL/USDT,binance,195.95,195.96
1758877553,SOL/USDT,bybit,223.24,223.26
1758877558,SOL/USDT,okx,195.86,195.9
1758877558,SOL/USDT,binance,195.86,195.87
1758877558,SOL/USDT,bybit,223.24,223.26
1758877563,SOL/USDT,okx,195.89,195.9
1758877563,SOL/USDT,binance,195.86,195.87
1758877563,SOL/USDT,bybit,223.24,223.26
1758877567,SOL/USDT,okx,195.91,195.92
1758877567,SOL/USDT,binance,195.86,195.87
1758877567,SOL/USDT,bybit,223.24,223.26
1758877571,SOL/USDT,okx,195.92,195.94
1758877571,SOL/USDT,binance,195.86,195.87
1758877571,SOL/USDT,bybit,223.24,223.26
1758877575,SOL/USDT,okx,195.93,195.95
1758877575,SOL/USDT,binance,195.96,195.97
1758877575,SOL/USDT,bybit,223.24,223.26
1758877580,SOL/USDT,okx,195.96,195.97
1758877580,SOL/USDT,binance,195.96,195.97
1758877580,SOL/USDT,bybit,223.24,223.26
1758877584,SOL/USDT,okx,195.97,196.00936335588813
1758877584,SOL/USDT,binance,195.96,195.97
1758877584,SOL/USDT,bybit,223.24,223.26
1758877589,SOL/USDT,okx,195.97,195.98
1758877589,SOL/USDT,binance,195.97,195.98
1758877589,SOL/USDT,bybit,223.24,223.26
1758877594,SOL/USDT,okx,195.99,196.0
1758877594,SOL/USDT,binance,195.97,195.98
1758877594,SOL/USDT,bybit,223.24,223.26
1758877599,SOL/USDT,okx,195.96,196.0049824684538
1758877599,SOL/USDT,binance,195.97,195.98
1758877599,SOL/USDT,bybit,223.24,223.26
1758877603,SOL/USDT,okx,195.66,196.01374399216948
1758877603,SOL/USDT,binance,195.97,195.98
1758877603,SOL/USDT,bybit,223.24,223.26
1758877608,SOL/USDT,okx,195.72076671736565,196.11
1758877608,SOL/USDT,binance,196.21,196.22
1758877608,SOL/USDT,bybit,223.24,223.26
1758877614,SOL/USDT,okx,195.72076671736565,196.11
1758877614,SOL/USDT,binance,196.21,196.22
1758877614,SOL/USDT,bybit,223.24,223.26
1758877618,SOL/USDT,okx,195.72076671736565,196.11
1758877618,SOL/USDT,binance,196.21,196.22
1758877618,SOL/USDT,bybit,223.24,223.26
1758877623,SOL/USDT,okx,196.38,196.43
1758877623,SOL/USDT,binance,196.37,196.38
1758877623,SOL/USDT,bybit,223.24,223.26
1758877627,SOL/USDT,okx,196.43,196.44
1758877627,SOL/USDT,binance,196.37,196.38
1758877627,SOL/USDT,bybit,223.24,223.26
1758877631,SOL/USDT,okx,196.45,196.46
1758877631,SOL/USDT,binance,196.37,196.38
1758877631,SOL/USDT,bybit,223.24,223.26
1758877636,SOL/USDT,okx,196.45,196.46
1758877636,SOL/USDT,binance,196.37,196.38
1758877636,SOL/USDT,bybit,223.24,223.26
1758877641,SOL/USDT,okx,196.45,196.47
1758877641,SOL/USDT,binance,196.46,196.47
1758877641,SOL/USDT,bybit,223.24,223.26
1758877647,SOL/USDT,okx,196.46,196.49
1758877647,SOL/USDT,binance,196.46,196.47
1758877647,SOL/USDT,bybit,223.24,223.26
1758877652,SOL/USDT,okx,196.46,196.47
1758877652,SOL/USDT,binance,196.46,196.47
1758877652,SOL/USDT,bybit,223.24,223.26
1758877657,SOL/USDT,okx,196.42,196.43
1758877657,SOL/USDT,binance,196.4,196.41
1758877657,SOL/USDT,bybit,223.24,223.26
1758877662,SOL/USDT,okx,196.41,196.43
1758877662,SOL/USDT,binance,196.4,196.41
1758877662,SOL/USDT,bybit,223.24,223.26
1758877666,SOL/USDT,okx,196.41,196.44
1758877666,SOL/USDT,binance,196.4,196.41
1758877666,SOL/USDT,bybit,223.24,223.26
1758877671,SOL/USDT,okx,196.43,196.44
1758877671,SOL/USDT,binance,196.43,196.44
1758877671,SOL/USDT,bybit,223.24,223.26
1758877675,SOL/USDT,okx,196.41,196.44
1758877675,SOL/USDT,binance,196.43,196.44
1758877675,SOL/USDT,bybit,223.24,223.26
1758877680,SOL/USDT,okx,196.41,196.43
1758877680,SOL/USDT,binance,196.43,196.44
1758877680,SOL/USDT,bybit,223.24,223.26
1758877685,SOL/USDT,okx,196.39,196.4
1758877685,SOL/USDT,binance,196.43,196.44
1758877685,SOL/USDT,bybit,223.24,223.26
1758877690,SOL/USDT,okx,196.1558483388369,196.49
1758877690,SOL/USDT,binance,196.37,196.38
1758877690,SOL/USDT,bybit,223.24,223.26
1758877695,SOL/USDT,okx,196.49,196.51
1758877695,SOL/USDT,binance,196.37,196.38
1758877695,SOL/USDT,bybit,223.24,223.26
1758877700,SOL/USDT,okx,196.5,196.53
1758877700,SOL/USDT,binance,196.37,196.38
1758877700,SOL/USDT,bybit,223.24,223.26
1758877704,SOL/USDT,okx,196.51,196.52
1758877704,SOL/USDT,binance,196.5,196.51
1758877704,SOL/USDT,bybit,223.24,223.26
1758877709,SOL/USDT,okx,196.51,196.549695741071
1758877709,SOL/USDT,binance,196.5,196.51
1758877709,SOL/USDT,bybit,223.24,223.26
1758877714,SOL/USDT,okx,196.51060839684357,196.54
1758877714,SOL/USDT,binance,196.5,196.51
1758877714,SOL/USDT,bybit,223.24,223.26
1758877718,SOL/USDT,okx,196.53,196.54
1758877718,SOL/USDT,binance,196.52,196.53
1758877718,SOL/USDT,bybit,223.24,223.26
1758877722,SOL/USDT,okx,196.49,196.53
1758877722,SOL/USDT,binance,196.52,196.53
1758877722,SOL/USDT,bybit,223.24,223.26
1758877727,SOL/USDT,okx,196.47,196.5
1758877727,SOL/USDT,binance,196.52,196.53
1758877727,SOL/USDT,bybit,223.24,223.26
1758877732,SOL/USDT,okx,196.33060783956188,196.38
1758877732,SOL/USDT,binance,196.36,196.37
1758877732,SOL/USDT,bybit,223.24,223.26
1758877736,SOL/USDT,okx,196.39,196.42
1758877736,SOL/USDT,binance,196.36,196.37
1758877736,SOL/USDT,bybit,223.24,223.26
1758877741,SOL/USDT,okx,196.41,196.42
1758877741,SOL/USDT,binance,196.36,196.37
1758877741,SOL/USDT,bybit,223.24,223.26
1758877747,SOL/USDT,okx,196.41,196.42
1758877747,SOL/USDT,binance,196.41,196.42
1758877747,SOL/USDT,bybit,223.24,223.26
1758877752,SOL/USDT,okx,196.4,196.43
1758877752,SOL/USDT,binance,196.41,196.42
1758877752,SOL/USDT,bybit,223.24,223.26
1758877757,SOL/USDT,okx,196.4,196.41
1758877757,SOL/USDT,binance,196.41,196.42
1758877757,SOL/USDT,bybit,223.24,223.26
1758877762,SOL/USDT,okx,196.4,196.41
1758877762,SOL/USDT,binance,196.41,196.42
1758877762,SOL/USDT,bybit,223.24,223.26
1758877824,BTC/USDT,okx,109590.1,109590.5
1758877824,BTC/USDT,binance,109588.99,109589.0
1758877825,ETH/USDT,okx,3936.41,3939.0187135428723
1758877825,ETH/USDT,binance,3933.4800000000005,3933.4899999999993
1758877826,SOL/USDT,okx,196.22103271129515,196.26896703642652
1758877826,SOL/USDT,binance,196.24,196.25
1758877829,BTC/USDT,okx,109590.1,109594.02401939593
1758877829,BTC/USDT,binance,109588.99,109589.0
1758877830,ETH/USDT,okx,3933.31,3933.32
1758877830,ETH/USDT,binance,3933.4800000000005,3933.4899999999993
1758877830,SOL/USDT,okx,196.21051632797372,196.24
1758877830,SOL/USDT,binance,196.24,196.25
1758877834,BTC/USDT,okx,109586.7,109587.0
1758877834,BTC/USDT,binance,109588.99,109589.0
1758877834,ETH/USDT,okx,3932.99,3932.9999999999995
1758877834,ETH/USDT,binance,3933.4800000000005,3933.4899999999993
1758877835,SOL/USDT,okx,196.23,196.249483569484
1758877835,SOL/USDT,binance,196.23,196.25
1758877838,BTC/USDT,okx,109586.9,109587.0
1758877838,BTC/USDT,binance,109588.99,109589.0
1758877839,ETH/USDT,okx,3932.44,3932.4500000000003
1758877839,ETH/USDT,binance,3932.11,3932.12
1758877840,SOL/USDT,okx,196.18103250077405,196.23
1758877840,SOL/USDT,binance,196.19,196.2
1758877843,BTC/USDT,okx,109574.7,109576.0
1758877843,BTC/USDT,binance,109588.99,109589.0
1758877844,ETH/USDT,okx,3931.51,3931.52
1758877844,ETH/USDT,binance,3932.11,3932.12
1758877844,SOL/USDT,okx,196.16503928369414,196.21
1758877844,SOL/USDT,binance,196.19,196.2
1758877848,BTC/USDT,okx,109555.1,109555.4
1758877848,BTC/USDT,binance,109588.99,109589.0
1758877848,ETH/USDT,okx,3931.08,3938.09
1758877848,ETH/USDT,binance,3932.11,3932.12
1758877849,SOL/USDT,okx,196.11045457761173,196.43421447353447
1758877849,SOL/USDT,binance,196.19,196.2
1758877853,BTC/USDT,okx,109548.9,109549.3
1758877853,BTC/USDT,binance,109588.99,109589.0
1758877853,ETH/USDT,okx,3930.78,3937.18
1758877853,ETH/USDT,binance,3932.11,3932.12
1758877854,SOL/USDT,okx,196.0330518425511,196.07
1758877854,SOL/USDT,binance,196.19,196.2
1758877857,BTC/USDT,okx,109587.2,109594.02401939593
1758877857,BTC/USDT,binance,109544.22,109544.23
1758877858,ETH/USDT,okx,3930.6900000000005,3931.6799999999994
1758877858,ETH/USDT,binance,3930.1199999999994,3930.1300000000006
1758877859,SOL/USDT,okx,196.03,196.04
1758877859,SOL/USDT,binance,195.99,196.0
1758877862,BTC/USDT,okx,109575.7,109575.9
1758877862,BTC/USDT,binance,109544.22,109544.23
1758877863,ETH/USDT,okx,3932.2,3937.18
1758877863,ETH/USDT,binance,3930.1199999999994,3930.1300000000006
1758877863,SOL/USDT,okx,196.03,196.13
1758877863,SOL/USDT,binance,195.99,196.0
1758877867,BTC/USDT,okx,109569.5,109572.9
1758877867,BTC/USDT,binance,109544.22,109544.23
1758877868,ETH/USDT,okx,3936.55,3937.18
1758877868,ETH/USDT,binance,3930.1199999999994,3930.1300000000006
1758877868,SOL/USDT,okx,196.07,196.08
1758877868,SOL/USDT,binance,195.99,196.0
1758877872,BTC/USDT,okx,109572.8,109573.00000000001
1758877872,BTC/USDT,binance,109564.98,109564.99
1758877872,ETH/USDT,okx,3932.28,3932.2900000000004
1758877872,ETH/USDT,binance,3932.01,3932.02
1758877873,SOL/USDT,okx,196.07,196.08
1758877873,SOL/USDT,binance,196.09,196.1
1758877877,BTC/USDT,okx,109576.9,109579.5
1758877877,BTC/USDT,binance,109564.98,109564.99
1758877877,ETH/USDT,okx,3933.54,3934.25
1758877877,ETH/USDT,binance,3932.01,3932.02
1758877878,SOL/USDT,okx,196.09,196.16
1758877878,SOL/USDT,binance,196.09,196.1
1758877882,BTC/USDT,okx,109589.5,109590.1
1758877882,BTC/USDT,binance,109564.98,109564.99
1758877882,ETH/USDT,okx,3935.13,3935.14
1758877882,ETH/USDT,binance,3932.01,3932.02
1758877883,SOL/USDT,okx,196.03,196.26430811887784
1758877883,SOL/USDT,binance,196.09,196.1
1758877886,BTC/USDT,okx,109589.5,109590.1
1758877886,BTC/USDT,binance,109585.82,109585.83
1758877887,ETH/USDT,okx,3935.4,3935.41
1758877887,ETH/USDT,binance,3934.85,3934.86
1758877887,SOL/USDT,okx,196.27,196.29896864521876
1758877887,SOL/USDT,binance,196.29,196.3
1758877891,BTC/USDT,okx,109589.5,109590.1
1758877891,BTC/USDT,binance,109585.82,109585.83
1758877892,ETH/USDT,okx,3935.1899999999996,3935.22
1758877892,ETH/USDT,binance,3934.85,3934.86
1758877893,SOL/USDT,okx,196.28,196.29
1758877893,SOL/USDT,binance,196.29,196.3
1758877896,BTC/USDT,okx,109589.5,109590.1
1758877896,BTC/USDT,binance,109585.82,109585.83
1758877897,ETH/USDT,okx,3934.97,3934.9899999999993
1758877897,ETH/USDT,binance,3934.85,3934.86
1758877898,SOL/USDT,okx,196.26,196.29
1758877898,SOL/USDT,binance,196.29,196.3
1758877901,BTC/USDT,okx,109599.6,109599.9
1758877901,BTC/USDT,binance,109597.98,109597.99
1758877902,ETH/USDT,okx,3935.9899999999993,3936.0
1758877902,ETH/USDT,binance,3935.49,3935.4999999999995
1758877903,SOL/USDT,okx,196.27,196.29
1758877903,SOL/USDT,binance,196.29,196.3
1758877906,BTC/USDT,okx,109599.7,109599.95571613789
1758877906,BTC/USDT,binance,109597.98,109597.99
1758877907,ETH/USDT,okx,3936.1,3936.66
1758877907,ETH/USDT,binance,3935.49,3935.4999999999995
1758877908,SOL/USDT,okx,196.33,196.37
1758877908,SOL/USDT,binance,196.33,196.34
1758877911,BTC/USDT,okx,109598.98385138816,109599.95571613789
1758877911,BTC/USDT,binance,109597.98,109597.99
1758877912,ETH/USDT,okx,3937.01,3937.02
1758877912,ETH/USDT,binance,3935.49,3935.4999999999995
1758877912,SOL/USDT,okx,196.38,196.41
1758877912,SOL/USDT,binance,196.33,196.34
1758877916,BTC/USDT,okx,109599.9,109600.0
1758877916,BTC/USDT,binance,109597.98,109597.99
1758877917,ETH/USDT,okx,3936.9699999999993,3937.18
1758877917,ETH/USDT,binance,3936.19,3936.2
1758877918,SOL/USDT,okx,196.39,196.41
1758877918,SOL/USDT,binance,196.33,196.34
1758877922,BTC/USDT,okx,109599.9,109600.0
1758877922,BTC/USDT,binance,109597.98,109597.99
1758877922,ETH/USDT,okx,3936.88,3937.01
1758877922,ETH/USDT,binance,3936.19,3936.2
1758877923,SOL/USDT,okx,196.39,196.4
1758877923,SOL/USDT,binance,196.36,196.37
1758877926,BTC/USDT,okx,109599.9,109600.0
1758877926,BTC/USDT,binance,109597.98,109597.99
1758877927,ETH/USDT,okx,3936.3499999999995,3936.63
1758877927,ETH/USDT,binance,3936.19,3936.2
1758877928,SOL/USDT,okx,196.37,196.4
1758877928,SOL/USDT,binance,196.36,196.37
1758877932,BTC/USDT,okx,109599.9,109600.0
1758877932,BTC/USDT,binance,109597.98,109597.99
1758877933,ETH/USDT,okx,3936.89,3936.9000000000005
1758877933,ETH/USDT,binance,3936.19,3936.2
1758877933,SOL/USDT,okx,196.34,196.37
1758877933,SOL/USDT,binance,196.36,196.37
1758877937,BTC/USDT,okx,109599.9,109600.0
1758877937,BTC/USDT,binance,109597.98,109597.99
1758877938,ETH/USDT,okx,3937.0499999999997,3937.06
1758877938,ETH/USDT,binance,3936.3499999999995,3936.36
1758877938,SOL/USDT,okx,196.36,196.37
1758877938,SOL/USDT,binance,196.34,196.35
1758877942,BTC/USDT,okx,109605.9,109606.35430896675
1758877942,BTC/USDT,binance,109597.98,109597.99
1758877943,ETH/USDT,okx,3936.96,3937.03
1758877943,ETH/USDT,binance,3936.3499999999995,3936.36
1758877943,SOL/USDT,okx,196.35,196.36
1758877943,SOL/USDT,binance,196.34,196.35
1758877947,BTC/USDT,okx,109605.9,109606.35430896675
1758877947,BTC/USDT,binance,109597.98,109597.99
1758877947,ETH/USDT,okx,3936.62,3936.63
1758877947,ETH/USDT,binance,3936.3499999999995,3936.36
1758877948,SOL/USDT,okx,196.32,196.35
1758877948,SOL/USDT,binance,196.34,196.35
1758877952,BTC/USDT,okx,109605.9,109606.51781150051
1758877952,BTC/USDT,binance,109597.98,109597.99
1758877952,ETH/USDT,okx,3937.5999999999995,3937.61
1758877952,ETH/USDT,binance,3936.3900000000003,3936.4
1758877953,SOL/USDT,okx,196.34,196.4
1758877953,SOL/USDT,binance,196.37,196.38
1758877957,BTC/USDT,okx,109621.8,109622.1
1758877957,BTC/USDT,binance,109597.98,109597.99
1758877958,ETH/USDT,okx,3937.43,3938.5100000000007
1758877958,ETH/USDT,binance,3936.3900000000003,3936.4
1758877958,SOL/USDT,okx,196.38,196.39
1758877958,SOL/USDT,binance,196.37,196.38
1758877962,BTC/USDT,okx,109626.8,109630.99293994364
1758877962,BTC/USDT,binance,109597.98,109597.99
1758877962,ETH/USDT,okx,3936.42,3936.61
1758877962,ETH/USDT,binance,3936.3900000000003,3936.4
1758877963,SOL/USDT,okx,196.36,196.39
1758877963,SOL/USDT,binance,196.37,196.38
1758877967,BTC/USDT,okx,109630.8,109631.3
1758877967,BTC/USDT,binance,109620.99,109621.0
1758877968,ETH/USDT,okx,3936.3499999999995,3936.36
1758877968,ETH/USDT,binance,3936.3499999999995,3936.36
1758877969,SOL/USDT,okx,196.34,196.35
1758877969,SOL/USDT,binance,196.35,196.36
1758877972,BTC/USDT,okx,109630.8,109631.2
1758877972,BTC/USDT,binance,109620.99,109621.0
1758877973,ETH/USDT,okx,3935.9899999999993,3936.0
1758877973,ETH/USDT,binance,3936.3499999999995,3936.36
1758877974,SOL/USDT,okx,196.33,196.35
1758877974,SOL/USDT,binance,196.35,196.36
1758877977,BTC/USDT,okx,109631.0,109631.1
1758877977,BTC/USDT,binance,109620.99,109621.0
1758877978,ETH/USDT,okx,3935.8199999999997,3935.8299999999995
1758877978,ETH/USDT,binance,3936.3499999999995,3936.36
1758877978,SOL/USDT,okx,196.3,196.34
1758877978,SOL/USDT,binance,196.35,196.36
1758877982,BTC/USDT,okx,109631.2,109631.5
1758877982,BTC/USDT,binance,109629.98,109629.99
1758877982,ETH/USDT,okx,3935.92,3935.9899999999993
1758877982,ETH/USDT,binance,3935.58,3935.59
1758877983,SOL/USDT,okx,196.32,196.33
1758877983,SOL/USDT,binance,196.33,196.34
1758877987,BTC/USDT,okx,109631.3,109631.5
1758877987,BTC/USDT,binance,109629.98,109629.99
1758877987,ETH/USDT,okx,3935.7621213757834,3935.9151509525336
1758877987,ETH/USDT,binance,3935.58,3935.59
1758877988,SOL/USDT,okx,196.32,196.33
1758877988,SOL/USDT,binance,196.33,196.34
1758877992,BTC/USDT,okx,109631.4,109631.5
1758877992,BTC/USDT,binance,109629.98,109629.99
1758877993,ETH/USDT,okx,3934.91,3935.1899999999996
1758877993,ETH/USDT,binance,3935.58,3935.59
1758877993,SOL/USDT,okx,196.31,196.34
1758877993,SOL/USDT,binance,196.33,196.34
1758877997,BTC/USDT,okx,109631.4,109631.9
1758877997,BTC/USDT,binance,109629.98,109629.99
1758877997,ETH/USDT,okx,3935.3699999999994,3936.13
1758877997,ETH/USDT,binance,3934.9000000000005,3934.91
1758877998,SOL/USDT,okx,196.29,196.3
1758877998,SOL/USDT,binance,196.33,196.34
1758878002,BTC/USDT,okx,109651.4,109652.3
1758878002,BTC/USDT,binance,109629.98,109629.99
1758878002,ETH/USDT,okx,3937.3800000000006,3937.4586218894824
1758878002,ETH/USDT,binance,3934.9000000000005,3934.91
1758878003,SOL/USDT,okx,196.31,196.42
1758878003,SOL/USDT,binance,196.35,196.36
1758878006,BTC/USDT,okx,109651.4,109652.0
1758878006,BTC/USDT,binance,109629.98,109629.99
1758878007,ETH/USDT,okx,3937.63,3937.64
1758878007,ETH/USDT,binance,3934.9000000000005,3934.91
1758878007,SOL/USDT,okx,196.39,196.4
1758878007,SOL/USDT,binance,196.35,196.36
1758878011,BTC/USDT,okx,109652.4,109652.7
1758878011,BTC/USDT,binance,109629.98,109629.99
1758878011,ETH/USDT,okx,3937.17,3937.18
1758878011,ETH/USDT,binance,3934.9000000000005,3934.91
1758878012,SOL/USDT,okx,196.36,196.39
1758878012,SOL/USDT,binance,196.35,196.36
1758878015,BTC/USDT,okx,109652.6,109652.7
1758878015,BTC/USDT,binance,109639.99,109640.0
1758878016,ETH/USDT,okx,3937.1299999999997,3937.1399999999994
1758878016,ETH/USDT,binance,3936.86,3936.87
1758878016,SOL/USDT,okx,196.35,196.38
1758878016,SOL/USDT,binance,196.36,196.37
1758878020,BTC/USDT,okx,109641.29999999999,109652.7
1758878020,BTC/USDT,binance,109639.99,109640.0
1758878020,ETH/USDT,okx,3935.57,3935.789704815772
1758878020,ETH/USDT,binance,3936.86,3936.87
1758878021,SOL/USDT,okx,196.28,196.36
1758878021,SOL/USDT,binance,196.36,196.37
1758878024,BTC/USDT,okx,109649.79999999999,109650.0
1758878024,BTC/USDT,binance,109639.99,109640.0
1758878025,ETH/USDT,okx,3935.47,3935.4799999999996
1758878025,ETH/USDT,binance,3936.86,3936.87
1758878025,SOL/USDT,okx,196.28,196.3
1758878025,SOL/USDT,binance,196.36,196.37
1758878029,BTC/USDT,okx,109649.9,109650.0
1758878029,BTC/USDT,binance,109637.15,109637.16
1758878029,ETH/USDT,okx,3936.22,3940.0000000000005
1758878029,ETH/USDT,binance,3935.8299999999995,3935.84
1758878030,SOL/USDT,okx,196.28,196.29
1758878030,SOL/USDT,binance,196.28,196.29
1758878034,BTC/USDT,okx,109649.9,109650.0
1758878034,BTC/USDT,binance,109637.15,109637.16
1758878035,ETH/USDT,okx,3935.76,3935.8299999999995
1758878035,ETH/USDT,binance,3935.8299999999995,3935.84
1758878035,SOL/USDT,okx,196.3,196.31
1758878035,SOL/USDT,binance,196.28,196.29
1758878039,BTC/USDT,okx,109649.9,109650.0
1758878039,BTC/USDT,binance,109637.15,109637.16
1758878039,ETH/USDT,okx,3935.9099999999994,3936.09
1758878039,ETH/USDT,binance,3935.8299999999995,3935.84
1758878040,SOL/USDT,okx,196.3,196.33
1758878040,SOL/USDT,binance,196.28,196.29
1758878044,BTC/USDT,okx,109640.9,109642.3
1758878044,BTC/USDT,binance,109637.15,109637.16
1758878044,ETH/USDT,okx,3936.21,3936.5
1758878044,ETH/USDT,binance,3936.3499999999995,3936.36
1758878045,SOL/USDT,okx,196.31,196.32
1758878045,SOL/USDT,binance,196.28,196.29
1758878049,BTC/USDT,okx,109648.3,109649.0
1758878049,BTC/USDT,binance,109637.15,109637.16
1758878050,ETH/USDT,okx,3937.26,3937.2900000000004
1758878050,ETH/USDT,binance,3936.3499999999995,3936.36
1758878050,SOL/USDT,okx,196.36,196.37
1758878050,SOL/USDT,binance,196.34,196.35
1758878054,BTC/USDT,okx,109649.4,109650.0
1758878054,BTC/USDT,binance,109637.15,109637.16
1758878054,ETH/USDT,okx,3937.59,3937.5999999999995
1758878054,ETH/USDT,binance,3936.3499999999995,3936.36
1758878055,SOL/USDT,okx,196.39,196.41
1758878055,SOL/USDT,binance,196.34,196.35
1758878058,BTC/USDT,okx,109649.7,109650.0
1758878058,BTC/USDT,binance,109637.15,109637.16
1758878059,ETH/USDT,okx,3937.59,3938.12
1758878059,ETH/USDT,binance,3936.3499999999995,3936.36
1758878060,SOL/USDT,okx,196.3982434234712,196.43175516994026
1758878060,SOL/USDT,binance,196.34,196.35
1758878064,BTC/USDT,okx,109654.6,109655.1
1758878064,BTC/USDT,binance,109658.03,109658.04
1758878064,ETH/USDT,okx,3937.64,3937.67
1758878064,ETH/USDT,binance,3937.65,3937.66
1758878065,SOL/USDT,okx,196.37824258397598,196.41
1758878065,SOL/USDT,binance,196.38,196.39
1758878069,BTC/USDT,okx,109654.6,109655.1
1758878069,BTC/USDT,binance,109658.03,109658.04
1758878069,ETH/USDT,okx,3936.1599999999994,3936.29
1758878069,ETH/USDT,binance,3937.65,3937.66
1758878070,SOL/USDT,okx,196.33,196.37
1758878070,SOL/USDT,binance,196.38,196.39
1758878073,BTC/USDT,okx,109654.6,109655.1
1758878073,BTC/USDT,binance,109658.03,109658.04
1758878074,ETH/USDT,okx,3936.0,3936.13
1758878074,ETH/USDT,binance,3937.65,3937.66
1758878074,SOL/USDT,okx,196.31,196.32
1758878074,SOL/USDT,binance,196.38,196.39
1758878078,BTC/USDT,okx,109654.6,109655.1
1758878078,BTC/USDT,binance,109658.03,109658.04
1758878078,ETH/USDT,okx,3936.37,3936.38
1758878078,ETH/USDT,binance,3936.05,3936.06
1758878079,SOL/USDT,okx,196.3,196.31
1758878079,SOL/USDT,binance,196.3,196.31
1758878082,BTC/USDT,okx,109654.6,109655.0
1758878082,BTC/USDT,binance,109658.03,109658.04
1758878083,ETH/USDT,okx,3935.53,3936.7399999999993
1758878083,ETH/USDT,binance,3936.05,3936.06
1758878084,SOL/USDT,okx,196.24,196.31
1758878084,SOL/USDT,binance,196.3,196.31
1758878087,BTC/USDT,okx,109657.00000000001,109659.0
1758878087,BTC/USDT,binance,109658.03,109658.04
1758878088,ETH/USDT,okx,3936.36,3936.37
1758878088,ETH/USDT,binance,3936.05,3936.06
1758878088,SOL/USDT,okx,196.28,196.31
1758878088,SOL/USDT,binance,196.3,196.31
1758878092,BTC/USDT,okx,109658.0,109658.1
1758878092,BTC/USDT,binance,109658.03,109658.04
1758878092,ETH/USDT,okx,3936.48,3936.4900000000002
1758878092,ETH/USDT,binance,3936.04,3936.05
1758878093,SOL/USDT,okx,196.29,196.32
1758878093,SOL/USDT,binance,196.3,196.31
1758878096,BTC/USDT,okx,109658.0,109659.3
1758878096,BTC/USDT,binance,109658.03,109658.04
1758878097,ETH/USDT,okx,3936.48,3936.4900000000002
1758878097,ETH/USDT,binance,3936.04,3936.05
1758878098,SOL/USDT,okx,196.31,196.32
1758878098,SOL/USDT,binance,196.31,196.32
1758878101,BTC/USDT,okx,109666.5,109666.6
1758878101,BTC/USDT,binance,109658.03,109658.04
1758878102,ETH/USDT,okx,3936.5600000000004,3936.71
1758878102,ETH/USDT,binance,3936.04,3936.05
1758878103,SOL/USDT,okx,196.31,196.34
1758878103,SOL/USDT,binance,196.31,196.32
1758878106,BTC/USDT,okx,109666.5,109666.6
1758878106,BTC/USDT,binance,109658.03,109658.04
1758878107,ETH/USDT,okx,3936.0299999999997,3936.04
1758878107,ETH/USDT,binance,3936.04,3936.05
1758878108,SOL/USDT,okx,196.33,196.34
1758878108,SOL/USDT,binance,196.31,196.32
1758878112,BTC/USDT,okx,109666.5,109666.6
1758878112,BTC/USDT,binance,109664.29,109664.3
1758878113,ETH/USDT,okx,3935.31,3935.32
1758878113,ETH/USDT,binance,3935.56,3935.57
1758878113,SOL/USDT,okx,196.32,196.35
1758878113,SOL/USDT,binance,196.32,196.33
1758878117,BTC/USDT,okx,109666.5,109666.6
1758878117,BTC/USDT,binance,109664.29,109664.3
1758878117,ETH/USDT,okx,3935.0,3935.0800000000004
1758878117,ETH/USDT,binance,3935.56,3935.57
1758878118,SOL/USDT,okx,196.29,196.3
1758878118,SOL/USDT,binance,196.32,196.33
1758878121,BTC/USDT,okx,109663.6,109664.0
1758878121,BTC/USDT,binance,109664.29,109664.3
1758878122,ETH/USDT,okx,3934.89,3934.9000000000005
1758878122,ETH/USDT,binance,3935.56,3935.57
1758878123,SOL/USDT,okx,196.28,196.3
1758878123,SOL/USDT,binance,196.32,196.33
1758878127,BTC/USDT,okx,109663.6,109664.0
1758878127,BTC/USDT,binance,109664.29,109664.3
1758878128,ETH/USDT,okx,3935.39,3935.4
1758878128,ETH/USDT,binance,3934.55,3934.5600000000004
1758878128,SOL/USDT,okx,196.3,196.32
1758878128,SOL/USDT,binance,196.29,196.3
1758878132,BTC/USDT,okx,109663.9,109664.3
1758878132,BTC/USDT,binance,109664.29,109664.3
1758878132,ETH/USDT,okx,3935.4840299356465,3935.76
1758878132,ETH/USDT,binance,3934.55,3934.5600000000004
1758878133,SOL/USDT,okx,196.32,196.34
1758878133,SOL/USDT,binance,196.29,196.3
1758878136,BTC/USDT,okx,109655.10049893073,109666.5
1758878136,BTC/USDT,binance,109664.29,109664.3
1758878137,ETH/USDT,okx,3935.6900000000005,3940.0000000000005
1758878137,ETH/USDT,binance,3934.55,3934.5600000000004
1758878137,SOL/USDT,okx,196.32,196.34
1758878137,SOL/USDT,binance,196.29,196.3
1758878141,BTC/USDT,okx,109666.3,109666.5
1758878141,BTC/USDT,binance,109657.78,109657.79
1758878142,ETH/USDT,okx,3935.0,3935.05
1758878142,ETH/USDT,binance,3934.68,3934.69
1758878142,SOL/USDT,okx,196.3,196.31
1758878142,SOL/USDT,binance,196.29,196.3
1758878146,BTC/USDT,okx,109666.4,109666.5
1758878146,BTC/USDT,binance,109657.78,109657.79
1758878146,ETH/USDT,okx,3934.85,3934.9899999999993
1758878146,ETH/USDT,binance,3934.68,3934.69
1758878147,SOL/USDT,okx,196.28,196.31
1758878147,SOL/USDT,binance,196.29,196.3
1758878150,BTC/USDT,okx,109666.4,109666.5
1758878150,BTC/USDT,binance,109657.78,109657.79
1758878151,ETH/USDT,okx,3933.86,3934.0799999999995
1758878151,ETH/USDT,binance,3934.68,3934.69
1758878151,SOL/USDT,okx,196.28,196.3
1758878151,SOL/USDT,binance,196.29,196.3
1758878155,BTC/USDT,okx,109666.4,109666.5
1758878155,BTC/USDT,binance,109657.78,109657.79
1758878156,ETH/USDT,okx,3935.07,3935.0800000000004
1758878156,ETH/USDT,binance,3934.9899999999993,3935.0
1758878156,SOL/USDT,okx,196.28,196.3
1758878156,SOL/USDT,binance,196.29,196.3
1758878160,BTC/USDT,okx,109653.9,109655.0
1758878160,BTC/USDT,binance,109657.78,109657.79
1758878160,ETH/USDT,okx,3935.2700000000004,3935.44
1758878160,ETH/USDT,binance,3934.9899999999993,3935.0
1758878161,SOL/USDT,okx,196.29,196.32
1758878161,SOL/USDT,binance,196.32,196.33
1758878165,BTC/USDT,okx,109655.3,109656.2
1758878165,BTC/USDT,binance,109657.78,109657.79
1758878165,ETH/USDT,okx,3935.9,3935.9099999999994
1758878165,ETH/USDT,binance,3934.9899999999993,3935.0
1758878166,SOL/USDT,okx,196.28,196.31
1758878166,SOL/USDT,binance,196.32,196.33
1758878169,BTC/USDT,okx,109657.4,109658.8
1758878169,BTC/USDT,binance,109657.78,109657.79
1758878170,ETH/USDT,okx,3936.63,3936.64
1758878170,ETH/USDT,binance,3934.9899999999993,3935.0
1758878170,SOL/USDT,okx,196.3,196.33
1758878170,SOL/USDT,binance,196.32,196.33
1758878174,BTC/USDT,okx,109658.7,109658.8
1758878174,BTC/USDT,binance,109657.78,109657.79
1758878174,ETH/USDT,okx,3936.66,3936.79
1758878174,ETH/USDT,binance,3936.3499999999995,3936.36
1758878175,SOL/USDT,okx,196.3,196.3297132604538
1758878175,SOL/USDT,binance,196.32,196.33
1758878179,BTC/USDT,okx,109658.9,109659.1
1758878179,BTC/USDT,binance,109657.78,109657.79
1758878179,ETH/USDT,okx,3936.6700000000005,3940.0000000000005
1758878179,ETH/USDT,binance,3936.3499999999995,3936.36
1758878180,SOL/USDT,okx,196.31,196.32
1758878180,SOL/USDT,binance,196.32,196.33
1758878184,BTC/USDT,okx,109654.7,109655.0
1758878184,BTC/USDT,binance,109657.78,109657.79
1758878184,ETH/USDT,okx,3935.8,3936.1
1758878184,ETH/USDT,binance,3936.3499999999995,3936.36
1758878185,SOL/USDT,okx,196.24,196.29
1758878185,SOL/USDT,binance,196.32,196.33
1758878189,BTC/USDT,okx,109654.7,109654.9
1758878189,BTC/USDT,binance,109657.78,109657.79
1758878189,ETH/USDT,okx,3934.9399999999996,3935.2399999999993
1758878189,ETH/USDT,binance,3935.44,3935.45
1758878190,SOL/USDT,okx,196.22,196.25
1758878190,SOL/USDT,binance,196.18,196.19
1758878193,BTC/USDT,okx,109656.2,109657.94095760533
1758878193,BTC/USDT,binance,109657.78,109657.79
1758878194,ETH/USDT,okx,3933.66,3933.9100000000003
1758878194,ETH/USDT,binance,3935.44,3935.45
1758878194,SOL/USDT,okx,196.14515708748516,196.3271384337938
1758878194,SOL/USDT,binance,196.18,196.19
1758878198,BTC/USDT,okx,109657.7,109657.94095760533
1758878198,BTC/USDT,binance,109657.78,109657.79
1758878199,ETH/USDT,okx,3934.78,3934.9000000000005
1758878199,ETH/USDT,binance,3935.44,3935.45
1758878200,SOL/USDT,okx,196.17,196.19
1758878200,SOL/USDT,binance,196.18,196.19
1758878203,BTC/USDT,okx,109651.0,109651.5
1758878203,BTC/USDT,binance,109644.21,109644.22000000002
1758878204,ETH/USDT,okx,3934.3599999999997,3934.8
1758878204,ETH/USDT,binance,3934.19,3934.2
1758878205,SOL/USDT,okx,196.15,196.18
1758878205,SOL/USDT,binance,196.13,196.14
1758878208,BTC/USDT,okx,109651.6,109652.0
1758878208,BTC/USDT,binance,109644.21,109644.22000000002
1758878209,ETH/USDT,okx,3934.6100000000006,3934.6600000000003
1758878209,ETH/USDT,binance,3934.19,3934.2
1758878210,SOL/USDT,okx,196.15,196.16
1758878210,SOL/USDT,binance,196.13,196.14
1758878213,BTC/USDT,okx,109651.6,109651.90000000001
1758878213,BTC/USDT,binance,109644.21,109644.22000000002
1758878214,ETH/USDT,okx,3933.8900000000003,3933.9000000000005
1758878214,ETH/USDT,binance,3934.19,3934.2
1758878215,SOL/USDT,okx,196.12,196.15
1758878215,SOL/USDT,binance,196.13,196.14
1758878219,BTC/USDT,okx,109656.3,109657.94095760533
1758878219,BTC/USDT,binance,109644.21,109644.22000000002
1758878219,ETH/USDT,okx,3933.54,3933.55
1758878219,ETH/USDT,binance,3933.13,3933.14
1758878220,SOL/USDT,okx,196.09,196.12
1758878220,SOL/USDT,binance,196.13,196.14
1758878223,BTC/USDT,okx,109654.2,109657.94095760533
1758878223,BTC/USDT,binance,109644.21,109644.22000000002
1758878224,ETH/USDT,okx,3933.33,3933.35
1758878224,ETH/USDT,binance,3933.13,3933.14
1758878224,SOL/USDT,okx,196.05,196.08
1758878224,SOL/USDT,binance,196.06,196.07
1758878228,BTC/USDT,okx,109657.5,109659.3
1758878228,BTC/USDT,binance,109644.21,109644.22000000002
1758878228,ETH/USDT,okx,3932.95,3939.99
1758878228,ETH/USDT,binance,3933.13,3933.14
1758878229,SOL/USDT,okx,196.05,196.06
1758878229,SOL/USDT,binance,196.06,196.07
1758878232,BTC/USDT,okx,109627.0,109627.80000000002
1758878232,BTC/USDT,binance,109644.21,109644.22000000002
1758878233,ETH/USDT,okx,3932.25,3932.26
1758878233,ETH/USDT,binance,3933.13,3933.14
1758878234,SOL/USDT,okx,196.01,196.06
1758878234,SOL/USDT,binance,196.06,196.07
1758878237,BTC/USDT,okx,109649.79999999999,109652.8
1758878237,BTC/USDT,binance,109644.21,109644.22000000002
1758878238,ETH/USDT,okx,3933.7,3933.9399999999996
1758878238,ETH/USDT,binance,3933.1799999999994,3933.19
1758878238,SOL/USDT,okx,196.06,196.13
1758878238,SOL/USDT,binance,196.14,196.15
1758878242,BTC/USDT,okx,109652.2,109658.4
1758878242,BTC/USDT,binance,109644.21,109644.22000000002
1758878242,ETH/USDT,okx,3934.0899999999997,3934.1000000000004
1758878242,ETH/USDT,binance,3933.1799999999994,3933.19
1758878243,SOL/USDT,okx,196.09,196.1
1758878243,SOL/USDT,binance,196.14,196.15
1758878247,BTC/USDT,okx,109660.1,109660.8
1758878247,BTC/USDT,binance,109644.21,109644.22000000002
1758878248,ETH/USDT,okx,3934.41,3940.0000000000005
1758878248,ETH/USDT,binance,3933.1799999999994,3933.19
1758878248,SOL/USDT,okx,196.08,196.16235496453996
1758878248,SOL/USDT,binance,196.14,196.15
1758878252,BTC/USDT,okx,109659.7,109660.2
1758878252,BTC/USDT,binance,109660.87,109660.88
1758878252,ETH/USDT,okx,3933.69,3934.06
1758878252,ETH/USDT,binance,3933.7,3933.7100000000005
1758878253,SOL/USDT,okx,196.13,196.1423557439696
1758878253,SOL/USDT,binance,196.16,196.17
1758878256,BTC/USDT,okx,109665.7,109666.6
1758878256,BTC/USDT,binance,109660.87,109660.88
1758878257,ETH/USDT,okx,3933.43,3933.46
1758878257,ETH/USDT,binance,3933.7,3933.7100000000005
1758878257,SOL/USDT,okx,196.13,196.15
1758878257,SOL/USDT,binance,196.16,196.17
1758878261,BTC/USDT,okx,109666.5,109666.6
1758878261,BTC/USDT,binance,109660.87,109660.88
1758878261,ETH/USDT,okx,3933.46,3933.4700000000003
1758878261,ETH/USDT,binance,3933.7,3933.7100000000005
1758878262,SOL/USDT,okx,196.14,196.17
1758878262,SOL/USDT,binance,196.16,196.17
1758878266,BTC/USDT,okx,109666.5,109666.6
1758878266,BTC/USDT,binance,109660.87,109660.88
1758878266,ETH/USDT,okx,3933.2,3933.33
1758878266,ETH/USDT,binance,3933.7,3933.7100000000005
1758878267,SOL/USDT,okx,196.17,196.18
1758878267,SOL/USDT,binance,196.16,196.17
1758878271,BTC/USDT,okx,109666.5,109666.6
1758878271,BTC/USDT,binance,109656.88,109656.89
1758878271,ETH/USDT,okx,3934.07,3934.0799999999995
1758878271,ETH/USDT,binance,3933.0200000000004,3933.03
1758878272,SOL/USDT,okx,195.94153304655458,196.26433343366304
1758878272,SOL/USDT,binance,196.28,196.29
1758878276,BTC/USDT,okx,109666.5,109666.6
1758878276,BTC/USDT,binance,109656.88,109656.89
1758878276,ETH/USDT,okx,3934.25,3934.26
1758878276,ETH/USDT,binance,3933.0200000000004,3933.03
1758878277,SOL/USDT,okx,196.27,196.29897021560228
1758878277,SOL/USDT,binance,196.28,196.29
1758878280,BTC/USDT,okx,109664.0,109666.46840023794
1758878280,BTC/USDT,binance,109656.88,109656.89
1758878281,ETH/USDT,okx,3934.1800000000003,3934.22
1758878281,ETH/USDT,binance,3933.0200000000004,3933.03
1758878281,SOL/USDT,okx,196.28,196.29
1758878281,SOL/USDT,binance,196.28,196.29
1758878285,BTC/USDT,okx,109680.3,109681.3029759194
1758878285,BTC/USDT,binance,109656.88,109656.89
1758878285,ETH/USDT,okx,3934.5399999999995,3934.58
1758878285,ETH/USDT,binance,3934.06,3934.07
1758878286,SOL/USDT,okx,196.28,196.29
1758878286,SOL/USDT,binance,196.33,196.34
1758878289,BTC/USDT,okx,109680.3,109681.3029759194
1758878289,BTC/USDT,binance,109656.88,109656.89
1758878290,ETH/USDT,okx,3934.85,3934.9399999999996
1758878290,ETH/USDT,binance,3934.06,3934.07
1758878290,SOL/USDT,okx,196.32,196.33
1758878290,SOL/USDT,binance,196.33,196.34
1758878294,BTC/USDT,okx,109680.3,109681.3029759194
1758878294,BTC/USDT,binance,109656.88,109656.89
1758878294,ETH/USDT,okx,3934.5,3934.55
1758878294,ETH/USDT,binance,3934.06,3934.07
1758878295,SOL/USDT,okx,196.31,196.34
1758878295,SOL/USDT,binance,196.33,196.34
1758878299,BTC/USDT,okx,109680.3,109681.3029759194
1758878299,BTC/USDT,binance,109681.99,109682.0
1758878299,ETH/USDT,okx,3934.1100000000006,3934.25
1758878299,ETH/USDT,binance,3934.06,3934.07
1758878300,SOL/USDT,okx,196.29525763778568,196.33
1758878300,SOL/USDT,binance,196.33,196.34
1758878303,BTC/USDT,okx,109680.3,109681.2272319898
1758878303,BTC/USDT,binance,109681.99,109682.0
1758878304,ETH/USDT,okx,3933.06,3933.07
1758878304,ETH/USDT,binance,3934.06,3934.07
1758878305,SOL/USDT,okx,196.19,196.24
1758878305,SOL/USDT,binance,196.22,196.23
1758878308,BTC/USDT,okx,109683.4,109686.5
1758878308,BTC/USDT,binance,109681.99,109682.0
1758878309,ETH/USDT,okx,3931.73,3931.7599999999998
1758878309,ETH/USDT,binance,3934.06,3934.07
1758878309,SOL/USDT,okx,196.07,196.14
1758878309,SOL/USDT,binance,196.22,196.23
1758878313,BTC/USDT,okx,109686.3,109686.5
1758878313,BTC/USDT,binance,109681.99,109682.0
1758878314,ETH/USDT,okx,3930.16,3930.37
1758878314,ETH/USDT,binance,3934.06,3934.07
1758878314,SOL/USDT,okx,196.01,196.06
1758878314,SOL/USDT,binance,196.21,196.23
1758878318,BTC/USDT,okx,109686.4,109686.5
1758878318,BTC/USDT,binance,109656.0,109656.01
1758878318,ETH/USDT,okx,3930.03,3930.22
1758878318,ETH/USDT,binance,3929.9000000000005,3929.9100000000003
1758878319,SOL/USDT,okx,195.99,196.02
1758878319,SOL/USDT,binance,196.01,196.02
1758878323,BTC/USDT,okx,109667.3,109686.4
1758878323,BTC/USDT,binance,109656.0,109656.01
1758878323,ETH/USDT,okx,3931.17,3931.45
1758878323,ETH/USDT,binance,3929.9000000000005,3929.9100000000003
1758878324,SOL/USDT,okx,196.01,196.09
1758878324,SOL/USDT,binance,196.01,196.02
1758878328,BTC/USDT,okx,109685.8,109686.4
1758878328,BTC/USDT,binance,109650.11,109650.12
1758878329,ETH/USDT,okx,3931.32,3931.33
1758878329,ETH/USDT,binance,3931.35,3931.36
1758878329,SOL/USDT,okx,196.09,196.11
1758878329,SOL/USDT,binance,196.12,196.13
1758878357,BTC/USDT,okx,109640.5,109642.0
1758878357,BTC/USDT,binance,109655.99,109656.0
1758878357,ETH/USDT,okx,3930.51,3930.836167434737
1758878357,ETH/USDT,binance,3931.1800000000003,3931.19
1758878358,SOL/USDT,okx,196.02,196.04
1758878358,SOL/USDT,binance,196.14,196.15
1758878361,BTC/USDT,okx,109685.1,109700.0
1758878361,BTC/USDT,binance,109631.99,109632.0
1758878362,ETH/USDT,okx,3929.56,3929.6999999999994
1758878362,ETH/USDT,binance,3929.59,3929.5999999999995
1758878362,SOL/USDT,okx,195.99,196.02
1758878362,SOL/USDT,binance,196.01,196.02
1758878366,BTC/USDT,okx,109632.79999999999,109633.5
1758878366,BTC/USDT,binance,109631.99,109632.0
1758878367,ETH/USDT,okx,3929.4300000000003,3929.63
1758878367,ETH/USDT,binance,3929.59,3929.5999999999995
1758878368,SOL/USDT,okx,196.01,196.02
1758878368,SOL/USDT,binance,196.01,196.02
1758878371,BTC/USDT,okx,109695.8,109700.0
1758878371,BTC/USDT,binance,109631.99,109632.0
1758878372,ETH/USDT,okx,3930.0499999999997,3930.19
1758878372,ETH/USDT,binance,3929.59,3929.5999999999995
1758878372,SOL/USDT,okx,196.01,196.02
1758878372,SOL/USDT,binance,196.01,196.02
1758878376,BTC/USDT,okx,109623.1,109623.5
1758878376,BTC/USDT,binance,109624.58,109624.59
1758878376,ETH/USDT,okx,3930.19,3930.339410449089
1758878376,ETH/USDT,binance,3929.74,3929.75
1758878377,SOL/USDT,okx,195.99,196.0
1758878377,SOL/USDT,binance,196.0,196.01
1758878381,BTC/USDT,okx,109690.40000000001,109700.0
1758878381,BTC/USDT,binance,109624.58,109624.59
1758878381,ETH/USDT,okx,3930.19,3930.2699999999995
1758878381,ETH/USDT,binance,3929.74,3929.75
1758878382,SOL/USDT,okx,195.99,196.0
1758878382,SOL/USDT,binance,196.0,196.01
1758878385,BTC/USDT,okx,109699.4,109700.0
1758878385,BTC/USDT,binance,109624.58,109624.59
1758878386,ETH/USDT,okx,3930.2899999999995,3930.3
1758878386,ETH/USDT,binance,3929.74,3929.75
1758878386,SOL/USDT,okx,195.98,195.99
1758878386,SOL/USDT,binance,196.0,196.01
1758878390,BTC/USDT,okx,109611.9,109612.8
1758878390,BTC/USDT,binance,109615.34,109615.35
1758878391,ETH/USDT,okx,3930.68,3930.7600000000007
1758878391,ETH/USDT,binance,3930.33,3930.3399999999997
1758878391,SOL/USDT,okx,195.98,196.0
1758878391,SOL/USDT,binance,196.0,196.01
1758878395,BTC/USDT,okx,109608.6,109609.50000000001
1758878395,BTC/USDT,binance,109615.34,109615.35
1758878396,ETH/USDT,okx,3930.49,3930.5
1758878396,ETH/USDT,binance,3930.33,3930.3399999999997
1758878397,SOL/USDT,okx,195.98,195.99
1758878397,SOL/USDT,binance,195.98,195.99
1758878400,BTC/USDT,okx,109612.8,109614.0
1758878400,BTC/USDT,binance,109615.34,109615.35
1758878401,ETH/USDT,okx,3930.49,3930.5
1758878401,ETH/USDT,binance,3930.33,3930.3399999999997
1758878402,SOL/USDT,okx,195.98,195.99
1758878402,SOL/USDT,binance,195.98,195.99
1758878405,BTC/USDT,okx,109612.7,109613.9
1758878405,BTC/USDT,binance,109615.34,109615.35
1758878406,ETH/USDT,okx,3929.9100000000003,3930.21
1758878406,ETH/USDT,binance,3929.74,3929.75
1758878407,SOL/USDT,okx,195.88,195.94
1758878407,SOL/USDT,binance,195.98,195.99
1758878411,BTC/USDT,okx,109612.7,109613.40000000001
1758878411,BTC/USDT,binance,109615.34,109615.35
1758878411,ETH/USDT,okx,3929.96,3929.97
1758878411,ETH/USDT,binance,3929.74,3929.75
1758878412,SOL/USDT,okx,195.88,195.91
1758878412,SOL/USDT,binance,195.87,195.88
1758878415,BTC/USDT,okx,109612.1,109630.8
1758878415,BTC/USDT,binance,109615.34,109615.35
1758878416,ETH/USDT,okx,3930.54,3931.8400000000006
1758878416,ETH/USDT,binance,3929.74,3929.75
1758878417,SOL/USDT,okx,195.91,196.0
1758878417,SOL/USDT,binance,195.87,195.88
1758878420,BTC/USDT,okx,109673.4,109675.6
1758878420,BTC/USDT,binance,109615.34,109615.35
1758878421,ETH/USDT,okx,3931.78,3933.9000000000005
1758878421,ETH/USDT,binance,3929.74,3929.75
1758878421,SOL/USDT,okx,195.88,196.09
1758878421,SOL/USDT,binance,195.87,195.9
1758878425,BTC/USDT,okx,109675.3,109675.6
1758878425,BTC/USDT,binance,109674.05,109674.06
1758878425,ETH/USDT,okx,3934.22,3936.158789466921
1758878425,ETH/USDT,binance,3933.4800000000005,3933.4899999999993
1758878426,SOL/USDT,okx,196.22,196.26948852171293
1758878426,SOL/USDT,binance,196.27,196.28
1758878429,BTC/USDT,okx,109675.3,109675.6
1758878429,BTC/USDT,binance,109674.05,109674.06
1758878430,ETH/USDT,okx,3933.7399999999993,3933.95
1758878430,ETH/USDT,binance,3933.4800000000005,3933.4899999999993
1758878430,SOL/USDT,okx,196.16528263297866,196.21
1758878430,SOL/USDT,binance,196.27,196.28
1758878434,BTC/USDT,okx,109675.3,109676.3908024873
1758878434,BTC/USDT,binance,109674.05,109674.06
1758878435,ETH/USDT,okx,3933.68,3934.3700000000003
1758878435,ETH/USDT,binance,3933.4800000000005,3933.4899999999993
1758878436,SOL/USDT,okx,196.18,196.2
1758878436,SOL/USDT,binance,196.25,196.27
1758878440,BTC/USDT,okx,109675.3,109675.6
1758878440,BTC/USDT,binance,109674.05,109674.06
1758878440,ETH/USDT,okx,3934.8,3934.81
1758878440,ETH/USDT,binance,3933.67,3933.68
1758878440,SOL/USDT,okx,196.21,196.23
1758878440,SOL/USDT,binance,196.27,196.28
1758878444,BTC/USDT,okx,109682.4,109683.0
1758878444,BTC/USDT,binance,109674.05,109674.06
1758878445,ETH/USDT,okx,3934.81,3934.82
1758878445,ETH/USDT,binance,3933.67,3933.68
1758878445,SOL/USDT,okx,196.22,196.2597442735532
1758878445,SOL/USDT,binance,196.27,196.28
1758878449,BTC/USDT,okx,109682.4,109683.0
1758878449,BTC/USDT,binance,109674.05,109674.06
1758878450,ETH/USDT,okx,3934.78,3934.81
1758878450,ETH/USDT,binance,3933.67,3933.68
1758878451,SOL/USDT,okx,196.24,196.26
1758878451,SOL/USDT,binance,196.27,196.28
1758878454,BTC/USDT,okx,109687.50000000001,109688.1
1758878454,BTC/USDT,binance,109679.98,109679.99
1758878455,ETH/USDT,okx,3934.8,3934.81
1758878455,ETH/USDT,binance,3934.39,3934.4
1758878455,SOL/USDT,okx,196.25,196.28
1758878455,SOL/USDT,binance,196.27,196.28
1758878459,BTC/USDT,okx,109687.7,109688.0
1758878459,BTC/USDT,binance,109679.98,109679.99
1758878460,ETH/USDT,okx,3934.1100000000006,3934.1299999999997
1758878460,ETH/USDT,binance,3934.39,3934.4
1758878461,SOL/USDT,okx,196.23,196.26
1758878461,SOL/USDT,binance,196.24,196.25
1758878464,BTC/USDT,okx,109688.0,109688.6185891073
1758878464,BTC/USDT,binance,109679.98,109679.99
1758878465,ETH/USDT,okx,3934.12,3934.2
1758878465,ETH/USDT,binance,3934.39,3934.4
1758878465,SOL/USDT,okx,196.24,196.25
1758878465,SOL/USDT,binance,196.24,196.25
1758878469,BTC/USDT,okx,109688.3,109688.4
1758878469,BTC/USDT,binance,109679.98,109679.99
1758878470,ETH/USDT,okx,3935.28,3935.39
1758878470,ETH/USDT,binance,3934.85,3934.86
1758878471,SOL/USDT,okx,196.25,196.28
1758878471,SOL/USDT,binance,196.24,196.25
1758878474,BTC/USDT,okx,109688.3,109689.0
1758878474,BTC/USDT,binance,109685.48,109685.49
1758878475,ETH/USDT,okx,3936.0,3936.1599999999994
1758878475,ETH/USDT,binance,3934.85,3934.86
1758878475,SOL/USDT,okx,196.29,196.31
1758878475,SOL/USDT,binance,196.28,196.29
1758878479,BTC/USDT,okx,109695.5,109695.7
1758878479,BTC/USDT,binance,109685.48,109685.49
1758878479,ETH/USDT,okx,3936.0299999999997,3936.1599999999994
1758878479,ETH/USDT,binance,3934.85,3934.86
1758878480,SOL/USDT,okx,196.31,196.33
1758878480,SOL/USDT,binance,196.28,196.29
1758878484,BTC/USDT,okx,109695.60000000002,109696.2
1758878484,BTC/USDT,binance,109685.48,109685.49
1758878484,ETH/USDT,okx,3935.95,3935.98
1758878484,ETH/USDT,binance,3934.85,3934.86
1758878485,SOL/USDT,okx,196.3,196.33
1758878485,SOL/USDT,binance,196.28,196.29
1758878488,BTC/USDT,okx,109695.9,109696.2
1758878488,BTC/USDT,binance,109690.97,109690.98
1758878489,ETH/USDT,okx,3936.0,3936.01
1758878489,ETH/USDT,binance,3935.2399999999993,3935.25
1758878489,SOL/USDT,okx,196.27,196.29
1758878489,SOL/USDT,binance,196.29,196.3
1758878493,BTC/USDT,okx,109695.9,109696.2
1758878493,BTC/USDT,binance,109690.97,109690.98
1758878493,ETH/USDT,okx,3935.39,3935.4200000000005
1758878493,ETH/USDT,binance,3935.2399999999993,3935.25
1758878494,SOL/USDT,okx,196.1925715941322,196.26
1758878494,SOL/USDT,binance,196.29,196.3
1758878498,BTC/USDT,okx,109695.9,109696.2
1758878498,BTC/USDT,binance,109690.97,109690.98
1758878498,ETH/USDT,okx,3935.3599999999997,3935.3699999999994
1758878498,ETH/USDT,binance,3935.2399999999993,3935.25
1758878499,SOL/USDT,okx,196.19,196.2
1758878499,SOL/USDT,binance,196.29,196.3
1758878502,BTC/USDT,okx,109695.9,109696.2
1758878502,BTC/USDT,binance,109690.97,109690.98
1758878503,ETH/USDT,okx,3934.8300000000004,3934.8400000000006
1758878503,ETH/USDT,binance,3934.6100000000006,3934.62
1758878504,SOL/USDT,okx,196.1501065628233,196.2
1758878504,SOL/USDT,binance,196.12,196.13
1758878508,BTC/USDT,okx,109695.9,109696.2
1758878508,BTC/USDT,binance,109690.97,109690.98
1758878508,ETH/USDT,okx,3934.97,3935.07529754462
1758878508,ETH/USDT,binance,3934.6100000000006,3934.62
1758878509,SOL/USDT,okx,196.09,196.12
1758878509,SOL/USDT,binance,196.12,196.13
1758878512,BTC/USDT,okx,109695.9,109696.2
1758878512,BTC/USDT,binance,109690.97,109690.98
1758878513,ETH/USDT,okx,3935.1500000000005,3935.33
1758878513,ETH/USDT,binance,3934.6100000000006,3934.62
1758878514,SOL/USDT,okx,196.1,196.11
1758878514,SOL/USDT,binance,196.12,196.13
1758878517,BTC/USDT,okx,109689.90000000001,109691.5
1758878517,BTC/USDT,binance,109690.97,109690.98
1758878518,ETH/USDT,okx,3933.2,3933.2100000000005
1758878518,ETH/USDT,binance,3932.7700000000004,3932.78
1758878518,SOL/USDT,okx,196.08,196.11
1758878518,SOL/USDT,binance,196.12,196.13
1758878522,BTC/USDT,okx,109690.2,109690.8
1758878522,BTC/USDT,binance,109690.97,109690.98
1758878523,ETH/USDT,okx,3932.5800000000004,3932.59
1758878523,ETH/USDT,binance,3932.7700000000004,3932.78
1758878523,SOL/USDT,okx,195.96,196.0
1758878523,SOL/USDT,binance,195.97,195.98
1758878527,BTC/USDT,okx,109696.29999999999,109697.27731445104
1758878527,BTC/USDT,binance,109690.97,109690.98
1758878527,ETH/USDT,okx,3932.9999999999995,3933.07
1758878527,ETH/USDT,binance,3932.7700000000004,3932.78
1758878528,SOL/USDT,okx,195.95,195.97
1758878528,SOL/USDT,binance,195.97,195.98
1758878531,BTC/USDT,okx,109696.4,109697.27731445104
1758878531,BTC/USDT,binance,109690.97,109690.98
1758878532,ETH/USDT,okx,3932.69,3932.7
1758878532,ETH/USDT,binance,3932.7700000000004,3932.78
1758878533,SOL/USDT,okx,195.94,195.96
1758878533,SOL/USDT,binance,195.97,195.98
1758878536,BTC/USDT,okx,109698.2,109698.9
1758878536,BTC/USDT,binance,109690.97,109690.98
1758878537,ETH/USDT,okx,3932.5800000000004,3932.6
1758878537,ETH/USDT,binance,3932.2400000000002,3932.25
1758878537,SOL/USDT,okx,195.9,195.91
1758878537,SOL/USDT,binance,195.9,195.91
1758878541,BTC/USDT,okx,109698.8,109698.9
1758878541,BTC/USDT,binance,109690.97,109690.98
1758878541,ETH/USDT,okx,3931.8700000000003,3931.8800000000006
1758878541,ETH/USDT,binance,3932.2400000000002,3932.25
1758878542,SOL/USDT,okx,195.88,195.89
1758878542,SOL/USDT,binance,195.9,195.91
1758878545,BTC/USDT,okx,109698.8,109698.9
1758878545,BTC/USDT,binance,109690.97,109690.98
1758878546,ETH/USDT,okx,3931.8400000000006,3931.8500000000004
1758878546,ETH/USDT,binance,3932.22,3932.25
1758878547,SOL/USDT,okx,195.88,195.9
1758878547,SOL/USDT,binance,195.9,195.91
1758878551,BTC/USDT,okx,109698.8,109698.9
1758878551,BTC/USDT,binance,109690.97,109690.98
1758878551,ETH/USDT,okx,3931.8400000000006,3931.8500000000004
1758878551,ETH/USDT,binance,3931.36,3931.37
1758878552,SOL/USDT,okx,195.86840089364856,195.89
1758878552,SOL/USDT,binance,195.87,195.88
1758878556,BTC/USDT,okx,109698.8,109698.9
1758878556,BTC/USDT,binance,109690.97,109690.98
1758878556,ETH/USDT,okx,3931.5699999999997,3931.58
1758878556,ETH/USDT,binance,3931.36,3931.37
1758878557,SOL/USDT,okx,195.84351215962528,195.87
1758878557,SOL/USDT,binance,195.87,195.88
1758878561,BTC/USDT,okx,109691.9,109692.2
1758878561,BTC/USDT,binance,109690.97,109690.98
1758878561,ETH/USDT,okx,3931.5699999999997,3931.58
1758878561,ETH/USDT,binance,3931.36,3931.37
1758878562,SOL/USDT,okx,195.83028630387858,195.85
1758878562,SOL/USDT,binance,195.87,195.88
1758878566,BTC/USDT,okx,109692.1,109692.2
1758878566,BTC/USDT,binance,109690.97,109690.98
1758878567,ETH/USDT,okx,3931.4799999999996,3931.4900000000002
1758878567,ETH/USDT,binance,3930.8399999999997,3930.85
1758878567,SOL/USDT,okx,195.84,195.86074195651884
1758878567,SOL/USDT,binance,195.86,195.87
1758878571,BTC/USDT,okx,109692.1,109692.2
1758878571,BTC/USDT,binance,109690.97,109690.98
1758878571,ETH/USDT,okx,3931.4799999999996,3931.4900000000002
1758878571,ETH/USDT,binance,3930.8399999999997,3930.85
1758878572,SOL/USDT,okx,195.83287237865562,195.86
1758878572,SOL/USDT,binance,195.86,195.87
1758878576,BTC/USDT,okx,109692.1,109692.2
1758878576,BTC/USDT,binance,109690.97,109690.98
1758878577,ETH/USDT,okx,3931.36,3931.4900000000002
1758878577,ETH/USDT,binance,3930.8399999999997,3930.85
1758878577,SOL/USDT,okx,195.83,195.85
1758878577,SOL/USDT,binance,195.86,195.87
1758878581,BTC/USDT,okx,109692.1,109692.2
1758878581,BTC/USDT,binance,109690.97,109690.98
1758878581,ETH/USDT,okx,3931.3999999999996,3932.1599999999994
1758878581,ETH/USDT,binance,3931.01,3931.02
1758878582,SOL/USDT,okx,195.82,195.84
1758878582,SOL/USDT,binance,195.86,195.87
1758878585,BTC/USDT,okx,109692.1,109692.2
1758878585,BTC/USDT,binance,109690.97,109690.98
1758878586,ETH/USDT,okx,3931.4100000000003,3931.42
1758878586,ETH/USDT,binance,3931.01,3931.02
1758878587,SOL/USDT,okx,195.83,195.84
1758878587,SOL/USDT,binance,195.87,195.88
1758878591,BTC/USDT,okx,109691.8,109692.1
1758878591,BTC/USDT,binance,109690.97,109690.98
1758878591,ETH/USDT,okx,3929.9999999999995,3930.01
1758878591,ETH/USDT,binance,3931.01,3931.02
1758878592,SOL/USDT,okx,195.8057439614991,195.84
1758878592,SOL/USDT,binance,195.87,195.88
1758878596,BTC/USDT,okx,109692.0,109692.1
1758878596,BTC/USDT,binance,109690.97,109690.98
1758878597,ETH/USDT,okx,3928.58,3928.81
1758878597,ETH/USDT,binance,3928.47,3928.48
1758878597,SOL/USDT,okx,196.0935066828948,196.33
1758878597,SOL/USDT,binance,195.87,195.88
1758878601,BTC/USDT,okx,109692.0,109692.1
1758878601,BTC/USDT,binance,109658.36,109658.37
1758878602,ETH/USDT,okx,3928.65,3928.73
1758878602,ETH/USDT,binance,3928.47,3928.48
1758878603,SOL/USDT,okx,195.69,195.7
1758878603,SOL/USDT,binance,195.68,195.69
1758878606,BTC/USDT,okx,109692.0,109692.1
1758878606,BTC/USDT,binance,109658.36,109658.37
1758878607,ETH/USDT,okx,3928.61,3928.64
1758878607,ETH/USDT,binance,3928.47,3928.48
1758878607,SOL/USDT,okx,195.66,195.68
1758878607,SOL/USDT,binance,195.68,195.69
1758878611,BTC/USDT,okx,109692.0,109692.1
1758878611,BTC/USDT,binance,109658.36,109658.37
1758878611,ETH/USDT,okx,3928.58,3929.94
1758878611,ETH/USDT,binance,3928.47,3928.48
1758878612,SOL/USDT,okx,195.65,195.66
1758878612,SOL/USDT,binance,195.68,195.69
1758878616,BTC/USDT,okx,109692.0,109692.1
1758878616,BTC/USDT,binance,109622.65,109622.66
1758878617,ETH/USDT,okx,3929.2600000000007,3929.94
1758878617,ETH/USDT,binance,3927.1400000000003,3927.15
1758878618,SOL/USDT,okx,195.65,195.66
1758878618,SOL/USDT,binance,195.57,195.58
1758878621,BTC/USDT,okx,109692.0,109692.1
1758878621,BTC/USDT,binance,109622.65,109622.66
1758878622,ETH/USDT,okx,3926.9600000000005,3927.0
1758878622,ETH/USDT,binance,3927.1400000000003,3927.15
1758878622,SOL/USDT,okx,195.51,195.52
1758878622,SOL/USDT,binance,195.57,195.58
1758878626,BTC/USDT,okx,109692.0,109692.1
1758878626,BTC/USDT,binance,109622.65,109622.66
1758878626,ETH/USDT,okx,3926.99,3927.0
1758878626,ETH/USDT,binance,3927.1400000000003,3927.15
1758878627,SOL/USDT,okx,195.52,195.55
1758878627,SOL/USDT,binance,195.57,195.58
1758878631,BTC/USDT,okx,109692.0,109692.1
1758878631,BTC/USDT,binance,109620.65,109620.66
1758878632,ETH/USDT,okx,3928.03,3928.04
1758878632,ETH/USDT,binance,3926.8199999999997,3926.83
1758878633,SOL/USDT,okx,195.58,195.6
1758878633,SOL/USDT,binance,195.59,195.6
1758878637,BTC/USDT,okx,109692.0,109692.1
1758878637,BTC/USDT,binance,109620.65,109620.66
1758878638,ETH/USDT,okx,3929.4399999999996,3929.46
1758878638,ETH/USDT,binance,3926.8199999999997,3926.83
1758878638,SOL/USDT,okx,195.51,195.6983591169962
1758878638,SOL/USDT,binance,195.59,195.6
1758878642,BTC/USDT,okx,109692.0,109692.1
1758878642,BTC/USDT,binance,109620.65,109620.66
1758878642,ETH/USDT,okx,3929.3799999999997,3929.4100000000003
1758878642,ETH/USDT,binance,3926.8199999999997,3926.83
1758878643,SOL/USDT,okx,195.73,195.74
1758878643,SOL/USDT,binance,195.59,195.6
1758878646,BTC/USDT,okx,109692.0,109692.1
1758878646,BTC/USDT,binance,109659.99,109660.0
1758878647,ETH/USDT,okx,3928.95,3928.98
1758878647,ETH/USDT,binance,3928.74,3928.75
1758878647,SOL/USDT,okx,195.72,195.75
1758878647,SOL/USDT,binance,195.68,195.69
1758878651,BTC/USDT,okx,109692.0,109692.1
1758878651,BTC/USDT,binance,109659.99,109660.0
1758878651,ETH/USDT,okx,3927.53,3927.5900000000006
1758878651,ETH/USDT,binance,3928.74,3928.75
1758878652,SOL/USDT,okx,195.581472809195,195.88123719589115
1758878652,SOL/USDT,binance,195.68,195.69
1758878655,BTC/USDT,okx,109640.59999999999,109642.9
1758878655,BTC/USDT,binance,109659.99,109660.0
1758878656,ETH/USDT,okx,3927.1,3927.38
1758878656,ETH/USDT,binance,3928.74,3928.75
1758878657,SOL/USDT,okx,195.56,195.58
1758878657,SOL/USDT,binance,195.68,195.69
1758878660,BTC/USDT,okx,109685.8,109692.1
1758878660,BTC/USDT,binance,109615.0,109615.01
1758878661,ETH/USDT,okx,3930.99,3933.33
1758878661,ETH/USDT,binance,3926.0,3926.0099999999998
1758878661,SOL/USDT,okx,195.56,195.58
1758878661,SOL/USDT,binance,195.68,195.69
1758878665,BTC/USDT,okx,109691.7,109692.1
1758878665,BTC/USDT,binance,109615.0,109615.01
1758878666,ETH/USDT,okx,3933.2499999999995,3933.33
1758878666,ETH/USDT,binance,3926.0,3926.0099999999998
1758878666,SOL/USDT,okx,195.56,195.57
1758878666,SOL/USDT,binance,195.54,195.55
1758878670,BTC/USDT,okx,109692.0,109692.1
1758878670,BTC/USDT,binance,109615.0,109615.01
1758878671,ETH/USDT,okx,3927.38,3927.3900000000003
1758878671,ETH/USDT,binance,3926.0,3926.0099999999998
1758878672,SOL/USDT,okx,195.6,195.63
1758878672,SOL/USDT,binance,195.54,195.55
1758878675,BTC/USDT,okx,109692.0,109692.1
1758878675,BTC/USDT,binance,109615.0,109615.01
1758878676,ETH/USDT,okx,3928.58,3928.5899999999997
1758878676,ETH/USDT,binance,3926.0,3926.0099999999998
1758878676,SOL/USDT,okx,195.61,195.63
1758878676,SOL/USDT,binance,195.54,195.55
1758878680,BTC/USDT,okx,109692.0,109692.1
1758878680,BTC/USDT,binance,109639.99,109640.0
1758878680,ETH/USDT,okx,3928.58,3928.5899999999997
1758878680,ETH/USDT,binance,3928.29,3928.3
1758878681,SOL/USDT,okx,195.64146693766017,195.6685314760331
1758878681,SOL/USDT,binance,195.67,195.68
1758878684,BTC/USDT,okx,109692.0,109692.1
1758878684,BTC/USDT,binance,109639.99,109640.0
1758878685,ETH/USDT,okx,3927.99,3928.0
1758878685,ETH/USDT,binance,3928.29,3928.3
1758878686,SOL/USDT,okx,195.64573359386867,195.66
1758878686,SOL/USDT,binance,195.67,195.68
1758878689,BTC/USDT,okx,109648.9,109649.9
1758878689,BTC/USDT,binance,109639.99,109640.0
1758878690,ETH/USDT,okx,3928.2400000000002,3928.6110506240266
1758878690,ETH/USDT,binance,3928.29,3928.3
1758878691,SOL/USDT,okx,195.65,195.6727968390475
1758878691,SOL/USDT,binance,195.67,195.68
1758878695,BTC/USDT,okx,109648.3,109649.5
1758878695,BTC/USDT,binance,109646.75,109646.76000000001
1758878696,ETH/USDT,okx,3928.2299999999996,3928.2499999999995
1758878696,ETH/USDT,binance,3928.54,3928.5500000000006
1758878696,SOL/USDT,okx,195.69,195.74
1758878696,SOL/USDT,binance,195.71,195.72
1758878700,BTC/USDT,okx,109647.99999999999,109648.9
1758878700,BTC/USDT,binance,109646.75,109646.76000000001
1758878700,ETH/USDT,okx,3927.9,3927.91
1758878700,ETH/USDT,binance,3928.54,3928.5500000000006
1758878701,SOL/USDT,okx,195.68,195.69
1758878701,SOL/USDT,binance,195.71,195.72
1758878765,BTC/USDT,okx,109647.5,109649.1
1758878765,BTC/USDT,binance,109646.72999999998,109646.74
1758878766,ETH/USDT,okx,3927.35,3927.7900000000004
1758878766,ETH/USDT,binance,3927.1899999999996,3927.2000000000003
1758878767,SOL/USDT,okx,195.54,195.55
1758878767,SOL/USDT,binance,195.56,195.57
1758878771,BTC/USDT,okx,109647.99999999999,109649.1
1758878771,BTC/USDT,binance,109646.72999999998,109646.74
1758878771,ETH/USDT,okx,3927.33,3927.6400000000003
1758878771,ETH/USDT,binance,3927.1899999999996,3927.2000000000003
1758878772,SOL/USDT,okx,195.53,195.56
1758878772,SOL/USDT,binance,195.56,195.57
1758878775,BTC/USDT,okx,109647.99999999999,109649.1
1758878775,BTC/USDT,binance,109646.72999999998,109646.74
1758878776,ETH/USDT,okx,3927.3199999999997,3927.33
1758878776,ETH/USDT,binance,3927.0,3927.01
1758878776,SOL/USDT,okx,195.53,195.54
1758878776,SOL/USDT,binance,195.52,195.53
1758878780,BTC/USDT,okx,109647.99999999999,109649.2
1758878780,BTC/USDT,binance,109646.72999999998,109646.74
1758878781,ETH/USDT,okx,3927.49,3927.5000000000005
1758878781,ETH/USDT,binance,3927.0,3927.01
1758878781,SOL/USDT,okx,195.53,195.55
1758878781,SOL/USDT,binance,195.52,195.53
1758878785,BTC/USDT,okx,109648.5,109649.1
1758878785,BTC/USDT,binance,109646.72999999998,109646.74
1758878786,ETH/USDT,okx,3927.92,3927.93
1758878786,ETH/USDT,binance,3927.0,3927.01
1758878786,SOL/USDT,okx,195.59,195.62
1758878786,SOL/USDT,binance,195.52,195.53
1758878790,BTC/USDT,okx,109648.5,109649.1
1758878790,BTC/USDT,binance,109646.72999999998,109646.74
1758878790,ETH/USDT,okx,3927.6400000000003,3927.6499999999996
1758878790,ETH/USDT,binance,3927.78,3927.7900000000004
1758878791,SOL/USDT,okx,195.59,195.62
1758878791,SOL/USDT,binance,195.59,195.6
1758878795,BTC/USDT,okx,109648.5,109648.8
1758878795,BTC/USDT,binance,109646.72999999998,109646.74
1758878796,ETH/USDT,okx,3926.28,3926.2900000000004
1758878796,ETH/USDT,binance,3927.78,3927.7900000000004
1758878797,SOL/USDT,okx,195.55,195.6
1758878797,SOL/USDT,binance,195.59,195.6
1758878800,BTC/USDT,okx,109648.8,109649.0
1758878800,BTC/USDT,binance,109646.72999999998,109646.74
1758878801,ETH/USDT,okx,3926.66,3934.02
1758878801,ETH/USDT,binance,3927.78,3927.7900000000004
1758878802,SOL/USDT,okx,195.51,195.56
1758878802,SOL/USDT,binance,195.59,195.6
1758878805,BTC/USDT,okx,109648.9,109649.1
1758878805,BTC/USDT,binance,109646.72999999998,109646.74
1758878806,ETH/USDT,okx,3964.93,3965.1699999999996
1758878806,ETH/USDT,binance,3925.2099999999996,3925.2200000000003
1758878821,SOL/USDT,okx,195.52,195.53
1758878821,SOL/USDT,binance,195.51,195.52
1758878825,BTC/USDT,okx,109653.10965310966,109657.26841127791
1758878825,BTC/USDT,binance,109646.72999999998,109646.74
1758878826,ETH/USDT,okx,3953.7199999999993,3961.42
1758878826,ETH/USDT,binance,3926.19,3926.2
1758878841,SOL/USDT,okx,195.53,195.56
1758878841,SOL/USDT,binance,195.47,195.48
1758878845,BTC/USDT,okx,109650.7,109651.0
1758878845,BTC/USDT,binance,109646.72999999998,109646.74
1758878846,ETH/USDT,okx,3947.76,3947.77
1758878846,ETH/USDT,binance,3926.27,3926.28
1758878865,BTC/USDT,okx,109649.79999999999,109650.0
1758878865,BTC/USDT,binance,109646.72999999998,109646.74
1758878865,ETH/USDT,okx,3926.08,3933.33
1758878865,ETH/USDT,binance,3926.33,3926.34
1758878866,SOL/USDT,okx,195.52,195.53
1758878866,SOL/USDT,binance,195.55,195.56
1758878870,BTC/USDT,okx,109649.79999999999,109650.0
1758878870,BTC/USDT,binance,109646.72999999998,109646.74
1758878871,ETH/USDT,okx,3925.08,3925.1
1758878871,ETH/USDT,binance,3925.2,3925.2099999999996
1758878872,SOL/USDT,okx,195.49,195.51
1758878872,SOL/USDT,binance,195.46,195.47
1758878875,BTC/USDT,okx,109649.79999999999,109650.0
1758878875,BTC/USDT,binance,109646.72999999998,109646.74
1758878876,ETH/USDT,okx,3925.08,3925.1
1758878876,ETH/USDT,binance,3925.2,3925.2099999999996
1758878877,SOL/USDT,okx,195.48,195.5
1758878877,SOL/USDT,binance,195.46,195.47
1758878881,BTC/USDT,okx,109649.9,109650.0
1758878881,BTC/USDT,binance,109646.72999999998,109646.74
1758878881,ETH/USDT,okx,3925.0,3925.01
1758878881,ETH/USDT,binance,3925.2,3925.2099999999996
1758878882,SOL/USDT,okx,195.49,195.5
1758878882,SOL/USDT,binance,195.46,195.47
1758878885,BTC/USDT,okx,109649.9,109651.0
1758878885,BTC/USDT,binance,109646.72999999998,109646.74
1758878886,ETH/USDT,okx,3925.8599999999997,3925.92
1758878886,ETH/USDT,binance,3925.04,3925.0499999999997
1758878887,SOL/USDT,okx,195.5,195.52
1758878887,SOL/USDT,binance,195.54,195.55
1758878890,BTC/USDT,okx,109654.8,109655.2
1758878890,BTC/USDT,binance,109646.72999999998,109646.74
1758878891,ETH/USDT,okx,3925.6499999999996,3925.85
1758878891,ETH/USDT,binance,3925.04,3925.0499999999997
1758878892,SOL/USDT,okx,195.51,195.53
1758878892,SOL/USDT,binance,195.54,195.55
1758878908,BTC/USDT,okx,109655.0,109655.3
1758878908,BTC/USDT,binance,109646.73,109646.74
1758878908,ETH/USDT,okx,3925.6499999999996,3925.66
1758878908,ETH/USDT,binance,3925.36,3925.37
1758878909,SOL/USDT,okx,195.51,195.52
1758878909,SOL/USDT,binance,195.5,195.51
1758878912,BTC/USDT,okx,109655.0,109655.3
1758878912,BTC/USDT,binance,109646.73,109646.74
1758878913,ETH/USDT,okx,3926.0799999999995,3926.09
1758878913,ETH/USDT,binance,3925.36,3925.37
1758878913,SOL/USDT,okx,195.51,195.52
1758878913,SOL/USDT,binance,195.5,195.51
1758878917,BTC/USDT,okx,109654.8,109655.3
1758878917,BTC/USDT,binance,109646.73,109646.74
1758878917,ETH/USDT,okx,3926.76,3932.4832842815604
1758878917,ETH/USDT,binance,3926.2,3926.21
1758878918,SOL/USDT,okx,195.5,195.52999999999997
1758878918,SOL/USDT,binance,195.54,195.55
1758878921,BTC/USDT,okx,109654.8,109655.2
1758878921,BTC/USDT,binance,109646.73,109646.74
1758878922,ETH/USDT,okx,3931.59,3932.4832842815604
1758878922,ETH/USDT,binance,3926.2,3926.21
1758878922,SOL/USDT,okx,195.5,195.51
1758878922,SOL/USDT,binance,195.54,195.55
1758878926,BTC/USDT,okx,109654.9,109655.0
